2862 5080
738 374 802 434 404
916 339 920 349 ’

742 621 807 678 196.

504 737 628 826 Verger
650 761 692 804 an
714 737 834 824 herzog
857 684 1042 825 christoph.
1089 715 1097 721 ⁶

573 871 724 942 Ttbingen
744 875 763 938 2
783 871 866 930 Mtrz
891 872 974 928 1564.

269 981 413 1039 Berichtet
440 983 510 1036 iiber
537 982 583 1038 die
609 981 780 1052 einitihruug
807 983 856 1038 der
882 974 1045 1052 inquisition
1073 983 1103 1037 in
1132 983 1261 1039 Mailand
1287 987 1340 1040 und

197 1081 326 1138 utinscht
344 1080 416 1134 nach
436 1078 627 1134 Graubtiuden
646 1097 679 1132 zu
697 1077 796 1134 reisen.

275 1179 471 1238 Illustrissime
492 1177 630 1248 Princeps
651 1183 681 1234 et
701 1177 822 1236 Domine
845 1177 967 1236 Domine
989 1177 1236 1238 clementissime!

274 1283 363 1342 Novit
383 1282 489 1340 Vestra
507 1279 655 1340 celsitudo
670 1280 876 1354 illustrissima,
899 1281 975 1355 quod
994 1281 1024 1339 in
1040 1282 1139 1343 Sicilia
1159 1285 1274 1343 invecta
1292 1281 1343 1342 tuit

197 1395 264 1448 ante
285 1404 343 1447 non
364 1388 468 1446 multos
488 1400 579 1444 annos
596 1383 745 1458 inquisitio
767 1385 923 1458 Hispanico
936 1387 961 1458 ¹,
990 1389 1069 1446 novit
1089 1389 1190 1460 etiem,
1220 1387 1297 1461 quod
1315 1389 1342 1446 in

196 1509 317 1568 regnum
336 1491 561 1564 Neapolitanum
581 1495 724 1550 tentatum
746 1489 801 1550 fuit
821 1507 896 1550 auno
919 1493 993 1550 1545
1015 1492 1051 1550 de
1073 1509 1108 1550 ea
1126 1492 1343 1562 introducenda,

185 1600 249 1670 sed
270 1599 424 1658 resistente
445 1613 549 1670 megae
568 1596 652 1668 regni
665 1597 699 1668 vi,
721 1594 777 1656 fuit
796 1597 959 1670 repudiate,
980 1597 1033 1656 scit
1054 1597 1187 1670 denique,
1210 1597 1265 1656 hoc
1283 1599 1343 1670 ipso

196 1721 271 1766 anno
291 1719 391 1762 rursus
411 1699 500 1760 fuisse
520 1707 663 1760 tentatum
685 1701 721 1759 de
742 1718 778 1760 ea
797 1702 1008 1761 introducenda
1027 1703 1056 1761 in
1077 1697 1344 1762 statum‘Mediole·

196 1823 327 1878 oensem,
358 1806 415 1864 imo
441 1805 578 1878 scriptum
597 1803 686 1864 fuisse
708 1823 726 1864 a
745 1823 814 1879 rege
835 1806 968 1880 Philippo
995 1808 1157 1880 praesertim
1178 1813 1243 1880 post
1264 1807 1343 1866 abso·

194 1917 287 1976 lutum
311 1910 481 1972 concilinm²
502 1911 538 1971 de
553 1913 668 1970 omnino
688 1911 866 1998 inuehendaq
887 1914 1013 1988 denique
1033 1918 1105 1986 puto
1125 1913 1248 1984 novisse,
1270 1913 1344 1986 quod

195 2019 297 2092 viginti
315 2017 393 2076 mitte
415 2017 583 2076 ducatorum
607 2015 714 2076 fuerint
733 2019 874 2090 promissa
895 2018 922 2076 d.
944 2019 1010 2078 duci
1031 2017 1163 2092 Sessee⁸,
1192 2019 1270 2092 quod
1296 2036 1342 2077 su-

193 2123 365 2201 persederet
385 2138 439 2196 per
460 2121 569 2195 aliquot
589 2127 701 2180 tantum
721 2125 910 2196 septimanas,
939 2128 969 2182 et
997 2123 1073 2198 quod
1094 2140 1142 2182 res
1163 2130 1295 2183 versatur
1313 2125 1343 2182 in

193 2231 257 2289 istis
278 2228 407 2288 tenniuis
429 2227 465 2285 de
487 2241 521 2284 ea
540 2225 752 2285 introducenda
772 2227 818 2285 vel
839 2244 895 2286 non
912 2227 1137 2301 introducende3
1160 2227 1342 2302 quod'sifiet,

194 2333 335 2405 existimo,
357 2347 490 2404 magnum
510 2328 638 2389 futurum
657 2331 747 2402 ipsius
768 2332 996 2391 Mediolanensis
1016 2333 1138 2392 ducatus
1159 2333 1292 2392 damnum
1314 2339 1343 2391 et

191 2437 413 2508 incommodum,
435 2437 566 2510 exemplo
587 2435 697 2495 scilicet
712 2437 794 2510 regni
808 2437 976 2506 Galliarum,
998 2437 1074 2511 quod
1095 2437 1206 2496 scilicet
1225 2443 1342 2512 propter

193 2559 334 2616 magnam,
356 2557 412 2616 qua
432 2557 483 2598 usa
504 2539 559 2598 fuit
578 2543 789 2612 persecutione,
810 2541 912 2600 incidit
932 2543 962 2600 iu
982 2541 1083 2615 gravia
1098 2543 1236 2616 pericula.
1267 2542 1340 2615 Jam,

193 2645 389 2706 Illustrissime
410 2645 558 2718 Princeps,
581 2645 675 2704 Ouriae
695 2645 878 2719 Rhaetorum,
900 2664 963 2720 quae
984 2653 1029 2706 est
1049 2647 1079 2705 in
1098 2647 1226 2721 Rhaetia,
1254 2647 1342 2705 distet

184 2757 291 2812 autem
311 2752 377 2810 hinc
397 2751 522 2824 quinque
544 2749 656 2809 dierum
677 2751 798 2822 itinere,
819 2752 902 2810 multi
922 2750 1030 2810 debent
1050 2753 1205 2811 convenire
1226 2759 1257 2810 et
1277 2768 1341 2811 mn·

193 2855 271 2915 ferre
291 2857 369 2914 inter
389 2871 420 2914 se
442 2860 472 2914 et
493 2857 673 2926 examinare,
705 2856 775 2929 quid
796 2863 873 2916 esset
893 2856 1035 2928 egendum
1055 2859 1085 2916 in
1106 2873 1139 2914 re
1160 2856 1340 2928 hujusmodi3

193 2966 238 3019 est
266 2962 341 3018 enim
366 2960 529 3034 periculosa
558 2965 677 3033 propter
707 2958 906 3019 diversitatem
936 2960 1095 3034 religionis.
1143 2959 1261 3019 Certum
1287 2969 1340 3033 est,

193 3063 269 3138 quod
289 3063 420 3122 monachi
441 3063 556 3138 quidem
577 3063 757 3122 Dominicani
784 3079 846 3121 rem
874 3064 995 3122 maxime
1017 3071 1122 3138 urgent
1143 3071 1340 3139 conenturque

192 3168 350 3242 perficere,
372 3173 404 3225 ut
424 3169 540 3228 omnino
560 3169 770 3228 introducatur.
812 3169 929 3228 Summa
950 3177 1008 3243 est,
1037 3170 1115 3244 quod
1135 3170 1340 3230 accedentibus

756 3291 771 3325 *

262 3385 276 3438 1
298 3381 348 3436 Die
366 3381 501 3438 rdmische
522 3381 687 3452 inquisition
702 3401 761 3438 war
773 3383 858 3438 sehon
870 3383 970 3454 linger
982 3383 1012 3438 in
1023 3385 1151 3442 Mailand
1163 3383 1338 3455 eingefithrt;

192 3471 237 3524 die
256 3469 404 3540 spanische
422 3469 588 3538 inquisition
606 3489 665 3526 war
679 3467 737 3526 'den
756 3471 911 3527 Italituern
930 3472 1029 3527 darum
1049 3470 1188 3537 verhasst‚
1216 3471 1281 3526 weil
1299 3470 1339 3524 sie

190 3574 245 3612 von
264 3555 375 3610 Medrid
393 3574 442 3611 eus
460 3557 579 3626 geleitet
598 3559 692 3613 wurde
720 3559 777 3612 und
804 3559 834 3613 in
862 3559 1005 3631 eritillung
1029 3560 1106 3615 ihrer
1125 3557 1337 3634 schrecklichen

190 3643 313 3712 auigabe
338 3643 396 3698 viel
419 3644 625 3714 btutdtirstiger
650 3665 727 3710 wer,
753 3647 796 3702 als
820 3647 867 3702 die
890 3647 1033 3702 remisehe.
1070 3646 1102 3699 In
1121 3645 1232 3716 Neapel
1257 3646 1336 3700 hatte

190 3730 258 3784 Karl
277 3731 303 3785 V
320 3730 407 3784 sehon
425 3731 558 3785 versuche
577 3733 716 3802 gemacht,
735 3733 774 3786 sie
793 3732 985 3798 einzuftihren,
1016 3731 1083 3787 aber
1103 3731 1153 3785 des
1172 3731 1239 3785 volk
1257 3731 1337 3786 hatte

177 3817 249 3889 sich
267 3817 425 3886 einmiithig
439 3818 568 3874 ‘erheben
586 3819 644 3875 und
661 3819 711 3872 ihn
724 3836 896 3888 gezwungen
909 3819 1125 3890 uaehzugeben;
1144 3817 1258 3873 anchin
1267 3817 1337 3870 Mai·

190 3903 258 3957 land
272 3903 367 3958 musste
377 3903 491 3974 Philipp
505 3922 559 3960 von
572 3905 676 3960 seinem
695 3907 838 3961 vorhaben
857 3906 992 3961 abstehen
1002 3929 1008 3972 ;
1028 3923 1057 3961 es
1076 3921 1171 3960 waren
1190 3903 1336 3959 besonders

189 3989 234 4044 die
253 3992 366 4060 pttpste,
391 3991 483 4046 denen
508 3991 553 4046 die
574 3993 721 4062 spanisohe
745 3993 910 4063 inquisition
929 3993 1011 4047 nicht
1029 3991 1252 4060 untergeordnet
1269 4007 1333 4051 wer,

189 4076 234 4132 die
248 4076 310 4154 'sich
329 4077 416 4132 daher
434 4094 525 4148 gegen
545 4071 671 4134 dieselbe¹
685 4080 872 4150 sussprachen
904 4080 960 4133 und
987 4079 1031 4134 die
1056 4078 1156 4132 vdlker
1179 4077 1332 4136 schdtutem

190 4181 209 4218 s.
229 4181 256 4218 n.
279 4165 337 4218 191.
357 4166 416 4219 199.

256 4251 347 4390 211ἕὲ
365 4253 455 4308 concil
473 4253 503 4307 in
523 4255 620 4309 Trient
639 4273 697 4310 war
715 4259 731 4310 4
752 4257 905 4312 December
924 4257 992 4310 1563
1011 4253 1189 4326 geschlossen
1208 4250 1329 4311 worden,

188 4353 209 4389 s.
228 4353 254 4388 n.
329 4378 335 4390 .
1003 4349 1006 4360 “

257 4421 274 4474 3
292 4421 319 4475 S.
337 4423 378 4477 br.
396 4443 424 4477 n.
444 4425 503 4482 152.
