2862 5080
98 375 158 432 1⁵⁰4
625 389 688 452 rer

100 551 206 626 quondo
226 552 316 612 visum
337 551 438 628 fcerit,
466 557 595 631 arripere
622 559 761 634 potestis,
790 559 878 636 idque
898 577 948 626 ros
967 561 1061 624 lutere
1080 567 1230 629 noluimus

93 656 169 718 Dete
188 657 362 730 sculpas-die
382 659 423 718 v1
443 660 491 721 die
512 663 617 722 mensis
637 663 770 724 Octobris
789 681 864 725 enno
884 663 1066 727 MDLlllllI.

620 925 687 984 223.

384 1048 509 1134 Verger
532 1069 575 1114 on
597 1047 715 1134 herzog
738 1047 923 1136 Obrisioph.

418 1177 568 1253 Ttlbirgen
594 1181 628 1237 17
649 1177 777 1240 October
797 1179 882 1239 1564.

147 1301 242 1356 Denlrt
261 1301 305 1356 fdr
323 1301 369 1356 die
387 1300 531 1356 erhcltene
551 1299 698 1357 erleubnill
717 1301 776 1356 und
794 1301 882 1356 bittet
901 1319 948 1356 um
967 1301 1013 1356 ein
1033 1299 1225 1359 iteliltrriscbes

86 1397 159 1453 buch.
195 1398 327 1468 Sonstige
345 1397 535 1468 neuigkeiten.

155 1495 352 1556 Illustrissime
372 1498 511 1570 Princeps
531 1502 562 1557 et
582 1496 704 1556 Domine
724 1497 847 1556 Domine
869 1495 1113 1558 clementissime!

151 1601 261 1674 ,Accepi
281 1607 451 1661 reverenter
471 1601 676 1661 Illustriseimee
696 1599 890 1661 celsitudinis
902 1601 1015 1662 Vestrae
1039 1601 1154 1663 littores
1175 1602 1225 1663 de·

85 1707 124 1763 tes
144 1705 190 1766 die
210 1706 252 1764 VI
271 1707 423 1779 proesentis
443 1706 550 1765 mensis
563 1705 581 1777 ¹,
601 1705 671 1764 mibi
690 1721 759 1764 vero
780 1705 909 1766 redditos
930 1706 978 1765 die
998 1705 1062 1765 XV.
1097 1705 1161 1780 Ago
1181 1707 1224 1766 in·

83 1815 178 1882 pentes
198 1811 318 1885 gratiss,
338 1812 403 1886 plus
424 1810 520 1880 hebui,
541 1826 626 1884 quom
640 1815 793 1883 optassem,
814 1815 846 1868 nt
866 1826 923 1869 non
943 1808 1052 1870 frustm
1070 1816 1152 1872 tunm
1168 1811 1224 1872 sol-

83 1915 225 1976 licitudine
247 1916 391 1992 petierim,
412 1919 521 1989 quante
540 1915 620 1987 petii.
662 1914 853 1985 Quamobrem
872 1915 1008 1974 constitui
1033 1931 1078 1974 me
1098 1915 1128 1973 in
1149 1916 1224 1976 viem

82 2019 156 2093 dere,
177 2021 230 2080 sed
250 2021 330 2094 prius
350 2021 412 2080 baec
433 2025 499 2079 suut
520 2019 589 2077 mibi
609 2019 741 2092 egendc3
769 2017 918 2078 invisendo
938 2019 994 2078 erit
1013 2018 1119 2078 Vestro
1139 2019 1224 2080 Sere·

82 2126 151 2184 nites
171 2127 232 2184 sive
254 2125 300 2184 bic
320 2123 476 2198 Tubingae,
502 2122 550 2182 ubi
572 2127 771 2195 exspectatur,
802 2123 862 2182 sive
883 2121 1074 2196 Stutgerdiae,
1102 2127 1154 2183 aut
1173 2123 1223 2184 ubi

79 2226 176 2303 fuerit3
198 2245 294 2303 neque
316 2227 393 2288 enim
414 2227 618 2287 discedendum
639 2234 718 2301 poto,
740 2228 795 2287 uisi
815 2227 894 2300 prius
915 2225 1047 2302 quaedem
1066 2228 1223 2288 communi·

78 2349 141 2392 cem.
181 2335 333 2393 Praeteree
352 2333 456 2392 vellem
478 2332 547 2392 dore
568 2332 802 2404 imprimendum,
825 2339 858 2393 ut
876 2333 1002 2405 interce,
1020 2333 1092 2392 dum
1111 2333 1219 2406 ebrum,

77 2437 252 2510 absolvetur,
281 2434 420 2507 librum'‚
449 2453 533 2511 quern
560 2437 665 2511 reliqui
686 2435 818 2496 Semboci
847 2437 894 2496 die
914 2437 1013 2496 XXIV
1034 2435 1221 2510 Septembris,

76 2544 200 2615 promisit
221 2558 290 2602 vero
312 2558 342 2600 se
364 2541 545 2601 redditurum
559 2541 757 2600 illustrissime
772 2539 920 2601 celsitudo
932 2541 1039 2600 Vestro
1059 2540 1107 2602 die
1121 2541 1219 2600 XXIV

75 2647 154 2722 bujus
174 2646 297 2718 mensis,
326 2662 411 2718 spero
432 2663 477 2705 me
499 2645 663 2705 habiturum
683 2646 785 2720 procul
805 2645 909 2716 dubio;
936 2645 1037 2704 videor
1057 2645 1133 2730 enirn
1152 2645 1221 2704 mibi

75 2767 167 2810 cerere
189 2768 236 2810 mc
253 2756 375 2825 utreque
389 2767 475 2810 manu
490 2757 541 2810 aut
557 2752 649 2824 oculo,
671 2767 735 2809 cum
749 2766 834 2810 careo
850 2748 1219 2824 commodotypcgrephiae3

75 2873 120 2916 oro
141 2861 170 2916 et
191 2855 339 2928 supplico,
365 2862 398 2914 ut
418 2855 558 2915 reddetur
579 2855 648 2913 mibi
669 2854 806 2928 facultas,
828 2872 885 2928 quo
904 2860 1035 2928 peterem
1055 2855 1219 2927 imprimere

74 2961 178 3034 Italico,
201 2959 568 3034 quaecumqueroluissem3
591 2977 666 3019 nunc
681 2975 743 3017 cum
762 2960 916 3028 senuerim,
936 2973 1024 3031 cogor
1037 2956 1219 3017 emendicare

73 3081 128 3137 cos,
149 3065 198 3140 qui
219 3079 286 3123 mee
306 3063 413 3138 legant.
455 3064 528 3122 Dico
549 3064 670 3133 iterum,
697 3079 744 3122 res
765 3069 811 3122 est
830 3063 901 3122 mibi
921 3061 1109 3121 vehementer
1129 3061 1218 3135 cordi,

73 3170 202 3228 utnulla
223 3170 330 3242 magis,
355 3175 406 3228 ont
427 3168 512 3228 detur
532 3169 617 3241 mibi,
645 3169 694 3242 qui
713 3168 805 3240 possit
824 3183 888 3225 mee
907 3168 1006 3240 legere
1027 3171 1114 3240 atque
1133 3166 1219 3226 intel·

70 3273 173 3346 ligere,
195 3280 248 3333 aut
269 3289 361 3331 mecm
382 3273 530 3346 obstringo
550 3273 653 3345 iidem,
680 3290 726 3331 mc
748 3272 818 3331 nibil
838 3272 998 3342 editurum,
1029 3270 1107 3346 quod
1126 3270 1220 3345 possit

71 3377 179 3438 Vestree
200 3378 360 3438 Serenitati
380 3377 548 3453 displicere,
579 3377 819 3452 quemadmodum
839 3392 933 3451 spero,
954 3391 1001 3434 me
1026 3373 1129 3435 iecisse
1150 3375 1217 3435 hee·

70 3486 158 3544 tenus.

143 3589 337 3659 Postremum,
358 3587 442 3662 quod,
464 3595 619 3664 antequem
630 3589 783 3661 discedam,
804 3587 874 3646 mihi
894 3586 1053 3647 curandum
1072 3593 1151 3661 puto,
1173 3591 1218 3645 est

69 3694 240 3768 hujusmodi.
274 3693 344 3752 (lum
364 3693 508 3768 aliquibus
528 3697 558 3754 in
578 3695 648 3754 locis
669 3699 818 3766 grassetur
831 3693 1088 3766 pestilentieinter
1100 3693 1217 3757 Istriem

69 3805 97 3859 et
115 3799 290 3870 Bavariem,
321 3801 378 3858 imo
405 3800 435 3857 in
462 3799 549 3859 Istrie
570 3815 683 3873 quoque
709 3803 740 3857 et
760 3798 884 3858 Beverie
910 3798 1131 3872 scripserimque
1153 3799 1216 3858 dili-

68 3911 178 3979 genter,
199 3911 233 3966 ut
254 3921 380 3977 moneor,
401 3907 431 3963 in
452 3906 555 3979 quibus
575 3906 736 3980 prsesertim
756 3906 825 3964 locis
844 3909 1001 3976 grassetur,
1022 3909 1055 3963 ut
1067 3904 1155 3962 eciem
1166 3904 1217 3964 de·

68 4005 188 4082 clinere,
211 4028 276 4085 qum
296 4017 363 4070 sont
383 4010 569 4084 declinando,
595 4011 709 4070 interes
730 4009 798 4068 dnm
817 4025 882 4068 mee
902 4009 1008 4069 dentur
1028 4007 1218 4083 imprimenda

6 4099 7 4102 ¹
68 4121 97 4174 et
112 4118 220 4189 possim
234 4132 299 4176 com
310 4114 489 4175 Celsitudine
502 4115 814 4175 Vestrelllustrissimc
832 4112 974 4186 conferre,
995 4113 1070 4174 debe
1091 4130 1216 4186 operam,

638 4247 654 4283 :p

137 4352 147 4404 l
172 4349 199 4404 S.
219 4367 246 4404 n.
265 4351 325 4406 222.

133 4439 198 4495 ts.
218 4455 245 4492 ιι.
264 4438 324 4494 221.
