2862 5080
731 362 793 426 422
1272 352 1340 410 1564

185 555 280 614 spero.
311 537 505 598 illustrissime
518 535 667 607 Princeps,
686 530 863 607 significatur
879 529 956 604 mibi,
972 529 1078 589 iterum
1094 531 1257 603 projectam
1277 544 1339 587 esse

185 647 298 704 missam
319 659 356 704 ex
375 639 509 701 Vlllaoo¹
532 638 783 714 (quemadmodum
805 635 870 694 aliis
891 635 961 692 meis
980 633 1089 692 litteris
1111 631 1244 706 scripsi);
1265 648 1340 690 nnuc

185 749 254 808 mibi
275 748 390 808 ridetur
410 746 508 806 oblata
526 741 809 822 commoditas,·qua
828 739 934 814 possim
956 755 1029 798 mese
1049 737 1236 798 conscientiae
1257 737 1340 794 satis-

185 851 290 913 iaoera.
333 852 403 912 Cum
425 851 501 911 enim
522 849 653 923 proJecta
673 848 711 906 sit
729 845 780 924 illa
800 843 937 906 idolatria
956 843 1024 919 (per
1044 841 1102 906 Dei
1122 838 1275 914 gratiam),
1298 839 1340 896 vi-

186 959 251 1031 deo,
272 957 401 1026 oblatum
422 970 486 1014 csse
513 961 627 1034 tempus
649 949 901 1027 (quemadmodum
926 963 1045 1008 moneor
1070 963 1089 1004 a
1115 946 1225 1006 multIs.
1242 944 1342 1003 amicis

186 1061 425 1138 Villscensibus)‚
452 1066 485 1122 ut
505 1056 639 1118 accedam
660 1061 690 1113 et
710 1069 805 1114 meum
825 1050 952 1112 officinm
972 1049 1075 1110 faciam
1096 1051 1125 1108 in
1148 1047 1342 1116 adhortandis

186 1167 268 1228 bouis
289 1169 372 1238 viris,
394 1181 430 1226 nc
451 1164 547 1226 desint
567 1177 626 1220 sure
647 1157 803 1228 vocationi,
831 1157 886 1216 boc
907 1161 967 1228 cst,
998 1161 1031 1214 ut
1052 1160 1219 1214 constanter
1241 1169 1343 1225 perse-

187 1253 297 1330 verent.
329 1270 425 1330 Audio
446 1267 571 1342 quidem,
592 1263 719 1322 nondum
739 1279 803 1322 essa
823 1263 983 1335 projectam
1003 1261 1192 1320 autoritatem
1211 1259 1346 1332 episcopi

185 1375 417 1448 BambergensIs,
439 1372 491 1432 sed
514 1369 697 1438 crediderim,
719 1369 796 1427 cives
818 1367 995 1426 Villacenses
1016 1381 1074 1424 uon
1098 1381 1161 1423 esse
1182 1363 1293 1422 stultos
1315 1368 1347 1420 et

186 1481 311 1548 scivisse,
333 1479 401 1553 quid
421 1481 551 1551 agerent,
572 1490 636 1532 cum
657 1472 772 1534 mIssam
792 1471 969 1532 abdicarent.
1002 1470 1057 1530 Fui
1075 1469 1147 1528 alias
1168 1473 1237 1527 ante
1258 1468 1348 1540 quiu-

188 1601 244 1658 quc
258 1629 264 1643 .
277 1627 303 1642 ..
324 1598 414 1642 annos
427 1580 530 1642 Villaci
550 1597 604 1654 per
624 1578 787 1653 quindecim
808 1578 878 1648 dies,
901 1575 951 1635 ubi
971 1574 1013 1634 fui
1033 1590 1138 1646 magno
1159 1587 1259 1631 amore
1281 1589 1349 1630 sus·

189 1695 306 1764 ceptus3
338 1685 497 1762 apparebat
522 1687 598 1744 enim
622 1685 682 1757 jam
710 1689 790 1752 tum,
820 1681 889 1756 quii
919 1681 955 1739 de
982 1680 1068 1740 missa
1099 1679 1266 1738 sentiretur.
1313 1677 1351 1735 Iu

191 1805 315 1863 summa,
346 1791 450 1852 vellem
476 1791 633 1861 accedere,
663 1805 717 1848 noc
744 1794 903 1846 metuerem
927 1790 1072 1858 sumptum
1092 1787 1142 1841 aut
1162 1780 1354 1840 Incommoda

190 1911 243 1968 pro
263 1895 318 1954 Dei
340 1895 432 1974 gloria
452 1891 658 1966 promovenda,
686 1891 762 1965 quod
790 1889 979 1948 libentissime
1000 1887 1135 1947 facerem.
1176 1887 1352 1958 Sperarem,

190 2012 235 2058 me
255 1997 323 2056 lude
343 2011 427 2070 posse
449 1996 575 2054 avellere
596 1995 695 2068 paucis
717 1993 832 2064 diebus,
863 1997 893 2052 et
913 2009 1012 2050 rursus
1037 1993 1067 2050 lu
1087 1991 1222 2050 ducatum
1243 1990 1353 2050 redire

188 2103 288 2177 procul
309 2100 416 2172 dublo,
449 2105 479 2158 et
499 2101 568 2159 licet
590 2098 695 2156 nullam
716 2097 830 2156 videam
850 2096 1047 2156 imminentem
1072 2075 1156 2154 mibi¹
1169 2095 1354 2166 molestiam,

107 2202 110 2206 ’
188 2213 285 2266 tamen
305 2207 378 2264 lrsm
399 2211 484 2264 caute
507 2208 536 2262 et
564 2202 661 2273 nullo,
693 2207 726 2262 ut
752 2217 853 2274 spero,
885 2201 1024 2272 periculo.
1063 2199 1118 2259 Est
1145 2197 1263 2273 quidem
1294 2215 1355 2271 per

189 2318 283 2370 terras
302 2308 487 2370 illustrissimi
509 2308 589 2368 ducis
610 2307 742 2366 Bavaria
769 2312 800 2366 et
821 2305 949 2380 episcopi
969 2305 1211 2377 Salitnburgensis
1231 2303 1355 2378 aliquid

189 2412 384 2480 metuendum,
405 2411 457 2470 sed
477 2417 575 2470 tamen
597 2425 696 2480 spero,
718 2423 763 2466 me
785 2414 870 2468 caute
890 2407 1105 2482 profecturum,
1126 2416 1155 2468 et
1177 2407 1277 2466 omnnia
1299 2423 1355 2480 pe·

190 2517 285 2576 ricula
304 2521 523 2589 superaturum,
552 2513 621 2572 dum
644 2511 727 2572 luero
749 2514 860 2572 Villaci.
904 2513 1016 2586 Vocon,
1046 2514 1181 2588 inquam,
1213 2528 1232 2570 a
1259 2512 1355 2572 bouis

190 2621 304 2690 amicis,
333 2619 382 2694 qui
400 2634 446 2676 me
473 2627 530 2676 non
557 2617 707 2690 patientur
733 2617 891 2692 periclitari
922 2623 953 2676 et
973 2619 1053 2676 Deus
1081 2617 1229 2691 imprimis.
1272 2617 1356 2675 Sunt

191 2721 261 2782 mibi
281 2727 425 2796 praterea
445 2719 503 2778 alia
524 2720 641 2793 negotia
658 2718 762 2778 Villaci
783 2721 972 2794 expedienda,
993 2723 1153 2795 prasertim
1174 2722 1210 2778 de
1233 2719 1356 2796 nepte¹

191 2827 294 2902 nuptui
307 2825 417 2897 danda,
439 2841 509 2900 quac
524 2841 571 2884 res
591 2825 659 2884 milri
680 2826 870 2886 vehementer
891 2827 970 2886 cordi
993 2833 1046 2886 est.
1080 2829 1153 2886 Peto
1174 2827 1200 2884 iu
1224 2844 1353 2896 summa,

193 2937 225 2991 ut
255 2931 322 2990 milri
353 2909 411 3002 per'
432 2931 566 2989 Vestram
596 2930 822 2989 illustrissimam
854 2929 1063 2990 CelsitudInem
1088 2933 1176 2992 liceat
1201 2931 1290 2990 adire
1323 2937 1355 2991 et

191 3051 253 3094 rem
274 3033 428 3105 conficere,
455 3050 518 3108 quse
539 3049 586 3094 res
606 3035 710 3092 mirum
730 3035 759 3094 in
780 3035 894 3102 modum
915 3052 961 3094 mc
981 3043 1128 3108 provocat.
1169 3036 1255 3094 Volui
1280 3053 1354 3110 ego-

191 3147 252 3200 met
278 3139 315 3198 ad
335 3139 469 3198 Vestram
489 3139 714 3208 illustrissimam
735 3137 945 3200 Celsiiudinem
965 3141 1121 3208 accedere,
1149 3141 1201 3198 sed
1221 3143 1352 3214 speravi.

193 3247 329 3305 Vestram
347 3224 573 3306 Illustrissimam
596 3244 803 3304 Celsitudinem
825 3261 881 3303 non
903 3240 1067 3304 defuturam
1092 3245 1162 3304 mibi
1182 3247 1211 3302 in
1232 3262 1266 3304 re
1291 3252 1354 3304 tam

192 3350 314 3409 honesta
334 3353 364 3406 et
383 3354 490 3420 sancta,
513 3349 623 3408 scilicet
644 3366 749 3422 negare
771 3366 951 3418 consensum,
972 3352 1033 3408 sine
1048 3367 1104 3425 quo
1119 3351 1190 3408 nihil
1206 3350 1353 3410 auderem

193 3451 343 3514 conficere.
385 3452 492 3524 Spero,
522 3470 567 3512 me
595 3459 688 3513 totum
718 3452 866 3528 negotium
893 3454 1090 3514 coniecturum
1115 3457 1209 3527 spatio
1232 3455 1352 3514 dierum

194 3565 240 3618 ter
260 3557 433 3632 quindecim,
454 3559 478 3616 si
498 3557 579 3620 Deus
600 3559 733 3618 voluerit.
774 3560 904 3632 Repeto,
932 3576 977 3618 me
1006 3560 1105 3633 urgeri
1131 3560 1274 3632 aspiritu
1296 3561 1351 3619 do·

194 3663 262 3723 misi
283 3662 338 3719 Dei
358 3664 465 3733 nostri,
499 3668 531 3720 ut
551 3661 688 3722 accedam
709 3669 739 3723 et
758 3678 903 3737 peragam,
925 3679 989 3738 quse
1009 3665 1071 3736 ipse
1089 3663 1225 3735 iusserit,
1255 3669 1351 3738 atque

193 3767 300 3824 iterum
318 3775 403 3838 peto,
424 3770 457 3823 ut
477 3765 506 3822 id
527 3765 597 3822 mibi
617 3766 718 3836 liceat,
746 3767 827 3838 cujus
848 3765 892 3823 rei
913 3780 1081 3840 responsum
1103 3774 1274 3827 reverenter
1295 3785 1352 3826 ex·

194 3876 303 3942 specto.
345 3867 521 3933 Commendo
543 3885 587 3928 me
609 3871 722 3928 Vestra
742 3869 948 3940 lllusrrissima
968 3869 1150 3930 Celsitudini.
1173 3871 1294 3931 ‘Gratia
1318 3879 1350 3930 et

194 3991 251 4047 pax
270 3974 378 4034 donum
399 3972 455 4032 Dei
476 3972 568 4032 nostri
588 3971 723 4030 cumilla
743 3987 837 4030 amen.

273 4077 411 4152 Tubingae
432 4076 478 4136 dle
499 4075 600 4136 XXIII
620 4075 692 4136 Maii
715 4078 800 4134 1564.

763 4265 779 4299 s
954 4181 1113 4258 Vergcrius
1132 4182 1262 4242 servitor.

266 4333 280 4387 1
297 4328 327 4384 s.
345 4345 374 4383 n.
392 4301 452 4383 nos.

265 4416 327 4470 as.
349 4433 377 4470 n.
397 4413 457 4468 cot.
