2862 5080
747 365 809 426 aaa
1208 440 1212 446 Ι
1288 357 1345 410 ren

202 533 417 602 dissimilium,
448 535 498 610 qui
521 551 584 594 rem
605 537 724 610 juraret
751 533 828 607 apud
853 533 998 592 dominum
1018 529 1138 590 fratrem
1160 531 1347 600 archiducem,

204 637 324 698 etmihi
345 639 432 698 etiam
451 636 572 712 faveret,
592 640 618 698 si
638 637 751 713 quando
773 653 845 710 opus
865 641 951 695 esset.
984 635 1145 694 Plurimum
1162 636 1240 694 enim
1259 641 1347 708 potest

204 759 257 804 sna
276 744 436 802 auctoritas
455 744 487 802 in
506 748 571 802 tota
584 741 680 800 istria.
710 737 828 800 Utinam
848 738 981 798 mittatur
1001 737 1071 796 mihi
1093 739 1259 812 exemplum
1280 740 1347 798 litte·

202 865 309 921 rarum,
330 865 395 922 qnae
415 854 482 908 sunt
499 846 675 908 scribenda!

281 954 418 1012 Aurelius
439 969 520 1012 mens
540 953 654 1026 nepos¹
673 950 802 1010 nondum
825 950 927 1022 rediit,
955 950 1024 1022 quin
1052 964 1146 1022 neque
1168 938 1349 1007 Ludovicus²

204 1072 241 1114 ex
254 1055 381 1127 Proseis,
402 1061 538 1127 exspecto
553 1060 706 1128 utrumque
727 1054 758 1112 iu
778 1051 850 1123 dies,
871 1058 902 1112 et
921 1053 1030 1126 maiore
1051 1052 1212 1126 cupiditate
1232 1053 1347 1124 litteras,

178 1147 181 1153 ’
204 1161 240 1220 de
262 1159 366 1234 quibus
387 1161 499 1234 scripsi.
1122 1234 1123 1244 ἵ
1303 1149 1305 1152 ’

281 1265 427 1339 Dignatur
447 1264 552 1324 Vestra
572 1263 721 1324 serenitas
745 1263 910 1320 meminisse
935 1261 1002 1320 libri
1022 1261 1134 1334 italici,
1167 1279 1254 1336 quem
1282 1263 1349 1334 apud

201 1370 281 1428 illam
302 1369 397 1428 dimisi
416 1372 446 1428 in
468 1367 653 1440 Schambach‚
675 1369 815 1426 terminus
837 1373 882 1426 est
901 1367 932 1424 iu
951 1365 1009 1426 fine
1025 1366 1220 1442 Septembris.

282 1473 457 1533 Commendo
483 1489 529 1533 me
550 1472 663 1534 Vestra
690 1473 857 1532 Serenitati.
902 1472 991 1531 Pater
1020 1473 1147 1531 eoelestis
1178 1478 1287 1544 augeat
1313 1473 1349 1529 illi

154 1553 157 1562 ’
203 1593 270 1637 snos
297 1578 409 1638 divinos
437 1579 603 1651 thesauros,
630 1578 762 1649 spiritum
789 1583 820 1636 et
843 1575 931 1636 fidem
957 1592 1009 1647 per
1037 1575 1184 1634 Christum
1213 1577 1350 1636 dominum

205 1689 345 1743 nostrum.

283 1787 421 1862 Tubingae
442 1788 489 1848 die
510 1792 528 1846 2
550 1787 683 1848 Octobris
703 1804 779 1846 anno
801 1788 886 1846 1564.

959 1891 1090 1951 Sarritor
1110 1894 1277 1967 Vergerius.

219 1973 224 1983 ⁵
271 1994 484 2066 Eigenhindige
504 1994 658 2050 resolution
676 1995 724 2050 des
743 1994 873 2064 herzogs:

272 2083 309 2136 Er
327 2099 395 2152 mag
413 2074 571 2148 hinniahcn,
591 2082 695 2138 bedorf
711 2081 836 2137 sinicher
854 2080 1008 2136 furschrifft
1027 2083 1077 2146 nit,
1097 2085 1200 2138 sunder
1218 2087 1289 2141 lassa
1308 2088 1350 2142 iah

201 2170 256 2224 ime
275 2169 322 2224 ain
340 2171 442 2241 patent
460 2169 626 2236 aukhomen,
644 2170 682 2226 da
695 2186 725 2225 er
738 2168 812 2240 gehn
826 2167 919 2223 Triest
932 2169 1025 2225 rische
1040 2189 1072 2223 zu
1092 2171 1191 2226 seiuen
1211 2173 1348 2238 ireumden,

201 2256 259 2312 biti
277 2257 323 2311 ine
341 2257 483 2328 parciorem
502 2277 536 2312 zu
554 2259 654 2315 lassen.

740 2509 808 2566 222.

579 2635 753 2724 christoph
776 2662 819 2705 an
843 2639 977 2727 Vcrger.

560 2750 705 2825 stuttgart
725 2755 743 2810 6
764 2754 891 2814 October
913 2756 997 2814 1564.

271 2850 402 2904 Anbwort
420 2849 472 2905 aui
487 2869 514 2905 u.
533 2853 593 2910 221.

272 2945 422 3016 christoph
441 2947 554 3003 erlanbb
572 2949 632 3004 ihm
650 2951 696 3006 die
714 2952 784 3007 reise
803 2955 875 3008 nach
894 2953 995 3009 Triest.

279 3043 336 3102 Dei
356 3047 453 3116 gratia
474 3045 698 3121 christophorus
719 3051 783 3108 Dux
804 3051 1077 3126 wirtembergensis
1098 3061 1155 3112 etc.

278 3147 407 3208 Litteras
427 3157 554 3225 vestras,
585 3153 690 3213 dilecte
711 3155 794 3214 nobis
814 3173 848 3215 ac
868 3155 976 3227 fidelis,
1008 3160 1172 3231 accepimns
1200 3162 1342 3235 extisque

198 3253 268 3322 iter,
298 3253 376 3326 qnod
398 3255 568 3329 Tergestum
593 3275 694 3318 versus
724 3261 828 3333 nuptui
855 3263 984 3322 locandae
1011 3265 1106 3336 neptis
1128 3272 1234 3325 vestrm
1258 3269 1345 3340 gratia

198 3356 378 3428 instituistis,
405 3364 493 3430 atque
514 3361 588 3420 adeo
609 3381 673 3436 qnae
693 3365 747 3423 hac
769 3364 804 3422 dc
826 3381 912 3424 causa
932 3384 950 3425 a
967 3367 1052 3426 nobis
1071 3372 1185 3444 petitis,
1207 3373 1343 3430 intellexi-

197 3475 270 3517 mns.
311 3459 382 3519 Gnm
403 3469 500 3521 antem
521 3464 629 3524 litteris
650 3469 903 3528 commendatoriis
930 3470 967 3529 ad
987 3474 1202 3533 serenissimum
1224 3477 1343 3550 Impera·

198 3569 291 3623 torem
311 3565 596 3643 illustrissimnmqne
617 3572 719 3632 ducem
739 3576 876 3648 Austriae,
902 3578 966 3650 eius
985 3575 1121 3648 fratrem,
1151 3581 1243 3654 nihil,
1273 3579 1341 3655 quod

197 3667 359 3742 videamus,
388 3688 460 3745 opus
480 3675 561 3734 vobis
581 3676 627 3748 sit,
649 3680 755 3752 qnippe
776 3683 871 3739 omnia
891 3687 968 3754 tnta,
1002 3691 1031 3742 et-
1052 3700 1152 3743 eorum
1173 3687 1294 3746 locernm
1311 3687 1341 3742 in

197 3771 354 3836 ditionibus
365 3777 502 3838 videlicet
515 3781 721 3852 praedictorum
735 3785 993 3846 illustrissimorum
1009 3789 1172 3863 principum
1183 3792 1256 3850 nihil
1265 3805 1339 3865 pror·

196 3891 245 3932 sus
265 3877 387 3948 periculi
405 3873 494 3939 ¹vobis
521 3883 671 3944 imminere
697 3887 890 3962 arbitramur,
921 3892 1034 3950 litteras
1058 3901 1214 3968 patentes,
1246 3895 1339 3970 quihus

194 3980 327 4055 petimus,
349 3989 381 4042 ut
402 4001 455 4055 per
475 4002 531 4058 eas,
554 4005 625 4062 quas
644 3990 701 4050 iter
722 3991 827 4050 facturi
848 3996 918 4054 estis
939 3997 1087 4070 regiones,
1118 4005 1182 4059 tuto
1203 4003 1279 4062 robis
1295 4001 1337 4057 in-

195 4085 299 4144 cedere
320 4087 425 4160 licest,
456 4091 500 4150 his
521 4093 673 4166 adjunctas
693 4098 773 4156 vohis
794 4101 952 4174 mittimus,
984 4102 1087 4175 quibus
1107 4108 1248 4178 acceptis,
1275 4106 1334 4172 iter,

763 4231 777 4264 *

266 4323 279 4374 l
299 4321 357 4375 Ans
376 4323 457 4389 Ohur,
477 4343 497 4380 s.
517 4345 545 4381 n.
565 4329 624 4384 209.

263 4407 281 4458 2
299 4407 327 4461 S.
348 4426 376 4462 n.
398 4409 457 4465 183.
