2852 5076
1307 371 1353 426 ltu

321 546 438 604 Utinam
460 545 658 606 illustrissima
679 547 844 606 Dominatio
867 547 972 605 Vestra
992 545 1150 620 mandaret,
1172 553 1205 608 ut
1225 551 1358 608 mitteretur

239 653 274 711 ad
296 671 341 711 me
363 653 509 710 decretum
532 652 627 710 diaetae
650 653 866 724 Ratisponensis
887 657 1056 725 postremae,
1078 653 1150 711 illud
1171 655 1285 726 scilieet,
1303 654 1358 727 quod

239 756 389 816 confirmat
410 757 529 814 decreta
550 755 727 830 Angnslanae
749 755 856 827 diaetae,
887 755 990 828 quibus
1012 761 1106 814 uotum
1126 760 1172 829 est
1192 755 1228 813 de
1249 755 1359 829 religione

239 868 269 920 et
290 862 325 919 de
347 879 417 932 paee
439 861 579 918 seruanda
600 877 690 933 usque
712 861 748 918 ad
776 859 937 920 eorroilium.
979 860 1032 918 Est
1059 860 1128 917 mihi
1149 860 1234 918 valde
1261 877 1320 932 opus
1337 875 1360 916 oo

240 967 356 1026 decreto
378 973 496 1039 propter
516 965 653 1037 libellum,
676 979 760 1037 quem
782 981 857 1023 nune
878 963 987 1024 adorno
1009 969 1110 1024 eontra
1130 966 1223 1036 ipsum
1245 967 1337 1024 Sotum.

317 1071 466 1129 Venissem
489 1077 603 1142 egomet
624 1087 698 1128 trunio
718 1070 755 1128 ad
777 1070 984 1128 celsitudinem
1000 1071 1141 1141 Vestram,
1164 1071 1217 1128 sed
1238 1087 1290 1128 non
1307 1070 1361 1126 beno

239 1175 340 1248 habeo,
362 1181 448 1248 atque
471 1182 515 1233 est
535 1176 621 1232 anistri
644 1175 773 1247 quaedam
795 1175 936 1248 aegritudo
958 1181 987 1234 et
1007 1175 1160 1264 moestitia,
1184 1193 1248 1248 qum
1267 1191 1306 1232 me
1320 1180 1362 1231 tor-

239 1286 316 1354 quet,
338 1297 394 1338 non
416 1281 558 1352 cor·por·is;
581 1296 711 1351 queeuam
732 1297 766 1338 ea
787 1281 834 1351 sit,
856 1280 948 1338 dioam
969 1281 1132 1354 aliquando.

318 1383 492 1442 Commendo
507 1399 552 1439 me
566 1389 736 1442 reverenter
747 1383 950 1441 illustrissimae
965 1383 1158 1443 hominationi
1170 1385 1288 1454 Vestrae,
1301 1399 1363 1456 quan
1411 1433 1414 1460 Ι,

239 1489 318 1547 Deus
339 1488 462 1559 optimus
484 1488 623 1546 maximus
645 1485 693 1544 diu
725 1485 895 1544 ineolumem
926 1489 1021 1544 servet
1051 1489 1181 1546 eoelesiae
1202 1503 1261 1545 suae
1282 1490 1363 1544 sarreia
1413 1521 1416 1526 r

240 1608 293 1666 per
314 1591 458 1649 Christum
480 1589 625 1648 dominum
648 1593 785 1647 nostrum.
832 1655 835 1662 Ι

318 1696 457 1770 Tubingae
478 1696 570 1766 pridie
592 1693 649 1752 kal.
671 1692 842 1750 Novembris
866 1685 956 1749 1557.’

1148 1799 1307 1870 Vergerius.

314 1913 376 1966 Von
396 1911 444 1966 des
464 1911 579 1981 herzogs
598 1911 697 1981 signer
715 1911 792 1965 hand
810 1911 894 1964 stand
911 1911 962 1964 aui
978 1912 1041 1966 dem
1060 1912 1147 1967 rande
1158 1913 1181 1966 ¹:

323 2009 415 2067 Wenn
445 2009 490 2067 die
520 2011 646 2081 theologi
675 2025 728 2067 von
751 2007 865 2066 Worms
887 2009 1000 2066 werden
1022 2011 1171 2082 hommen,
1202 2011 1366 2078 alsdannge·

239 2114 335 2172 dentre
357 2115 402 2173 ioh
424 2115 470 2172 die
494 2115 676 2186 vorordnung
697 2131 730 2170 zu
752 2113 832 2186 thun,
856 2113 944 2172 damit
961 2115 1052 2172 Asoto
1072 2115 1180 2172 wieder
1200 2117 1366 2186 geantnortet

240 2219 344 2276 werde.

323 2323 388 2381 llen
409 2320 637 2380 reichsabsohied
660 2319 750 2378 liudet
772 2337 803 2377 er
829 2339 863 2378 zu
888 2320 1036 2392 Tubingen
1060 2321 1222 2393 gedrnelrt,
1252 2338 1284 2378 er
1306 2319 1366 2376 nolle

241 2428 311 2484 aber
332 2427 484 2498 deruegen
506 2427 597 2484 nichts
619 2426 647 2482 iu
670 2425 927 2498 d1·nehansgehen
950 2426 1053 2496 lassen,
1075 2424 1129 2482 ehe
1151 2426 1196 2484 ioh
1212 2425 1315 2483 solohes
1330 2439 1366 2494 ge·

239 2531 328 2590 sehen
350 2531 409 2589 und
436 2547 568 2604 ernogen
597 2530 678 2588 hahe.
720 2531 803 2590 Denn
833 2533 864 2588 in
893 2530 957 2589 dem
982 2531 1212 2590 reiehsabsohied
1239 2527 1367 2588 allerhaud

240 2636 345 2694 sochen
375 2636 458 2705 sind,
498 2635 544 2694 die
576 2635 655 2694 nicht
686 2635 757 2696 rraoh
792 2637 858 2694 dem
890 2637 1066 2694 buohstaben
1097 2637 1183 2694 alleiu
1215 2633 1366 2694 verstanden

239 2739 369 2800 konnten
397 2740 526 2812 werden,
556 2757 636 2798 mann
665 2741 745 2799 nicht
769 2743 850 2800 einer
871 2741 924 2800 der·
943 2740 1148 2814 macedoniam
1169 2757 1256 2800 aanor
1275 2739 1368 2798 wissen-

240 2844 332 2906 sohait
353 2845 413 2906 hat.

793 3065 839 3120 54.

545 3195 670 3282 Verger
693 3201 735 3262 a'n
759 3197 877 3280 herzog
901 3195 1086 3280 Christoph.

576 3308 726 3380 Tdbiugen
748 3312 766 3365 4
787 3310 951 3367 November
975 3311 1058 3367 1557.

312 3408 419 3478 Verger
438 3409 525 3464 bittet
543 3428 588 3464 um
609 3409 757 3466 naehrioht
776 3411 843 3465 iiber
857 3410 902 3465 die
915 3411 985 3465 reise
998 3410 1045 3464 des
1059 3408 1200 3464 cardinale
1213 3425 1266 3463 ron
1277 3403 1368 3462 Trient;

241 3504 362 3559 erbietel
382 3503 441 3560 sioh
459 3523 492 3558 zu
511 3505 587 3560 einer
606 3505 817 3576 gesandtsohaft
836 3507 909 3560 nach
928 3505 1107 3562 Frankreioh.

311 3591 520 3654 Gedruokl‘bei
538 3599 640 3654 Lebret
659 3599 707 3664 ΙΙΙ,
727 3601 778 3657 559
800 3600 873 3654 ohne
892 3601 1002 3670 angabe
1021 3601 1069 3656 des
1088 3602 1209 3656 datums.

319 3695 516 3754 illustrissime
538 3697 674 3770 Princeps
696 3702 726 3756 et
746 3697 870 3754 Domine
892 3697 1014 3755 Domine
1037 3697 1283 3757 clementissime!

319 3799 414 3858 Audio
434 3800 610 3858 cardinalem
631 3800 856 3860 Tridentinum²
877 3819 939 3860 esse
960 3802 989 3859 in
1011 3804 1072 3874 via,
1094 3808 1126 3860 ut
1146 3803 1183 3862 ad
1204 3819 1297 3875 regem
1314 3793 1367 3854 Phi·

240 3905 347 3978 lippum
369 3907 398 3961 in
420 3906 551 3979 Belgium
574 3913 633 3974 eat,
666 3909 856 3964 transiturum
879 3924 947 3966 vero
975 3923 1028 3978 gaer
1049 3907 1184 3965 ducatum
1206 3900 1368 3966 Celsitudinis

241 4009 361 4066 Vestrae.
402 4010 570 4067 Irrtereessit
590 4011 658 4066 mihi
682 4027 746 4068 curn
768 4028 802 4070 eo
831 4012 985 4084 aliqnando
1012 4013 1173 4070 arctissima
1201 4006 1366 4068 familiaritas,

240 4130 329 4186 quaro
351 4130 484 4185 euperem
507 4131 571 4172 eum
593 4115 709 4187 alloqui,
731 4121 817 4188 atque
840 4115 994 4175 ardmonere
1015 4117 1058 4175 sui
1081 4115 1183 4187 oflicii,
1206 4133 1257 4173 neo
1275 4109 1364 4170 dubito,

808 4247 823 4279 ss

318 4343 330 4396 Ι
352 4345 378 4398 S.
397 4363 423 4398 n.
444 4347 484 4400 55.

311 4432 327 4484 2
346 4429 410 4502 Vgl.
430 4450 456 4486 ra.
476 4434 519 4487 49.
