2862 5080
782 369 844 428 370
1306 360 1359 414 nos

237 537 289 592 mit
306 537 397 592 dieser
415 535 475 592 sich
494 536 540 591 bei
553 535 728 591 Maximillam
749 535 793 588 hir
806 533 851 588 die
864 533 1071 588 verlaumdeten
1087 532 1266 588 bdhmischen
1279 532 1360 586 brider
1415 547 1416 606 ᾗ

237 635 390 689 verwende.

342 751 471 810 Salutem
492 749 643 824 plurimam
663 719 737 808 dieo.
778 749 969 821 Posteaquam
991 748 1203 820 Hedelbergam
1228 744 1361 804 studiorum

236 855 330 926 gratia
349 855 506 925 venissem,
538 853 608 910 nihil
635 853 705 912 mihi
732 853 823 923 magis
850 853 879 910 in
901 853 975 911 votis
996 859 1074 922 erat,
1105 867 1189 922 quam
1211 850 1247 908 ad
1264 857 1304 915 te,
1328 849 1361 903 nir

237 959 394 1018 clarissime
416 963 446 1016 et
465 959 557 1016 amice
585 957 852 1026 observantissime,
879 959 964 1030 cujus
990 958 1135 1028 singulare
1165 955 1286 1014 studium
1310 969 1362 1024 erge

236 1063 385 1122 ecclesiam
417 1069 447 1120 et
478 1064 622 1136 egregiam
654 1063 684 1120 in
716 1079 767 1121 nos
795 1061 883 1119 animi
912 1052 1168 1136 promptitudinem
1198 1059 1303 1130 experti
1327 1074 1361 1113 sn-

235 1185 313 1236 mus,
343 1185 427 1242 quam
454 1169 611 1240 saepissime
639 1168 753 1227 litteras
780 1167 905 1234 mittere.
952 1167 1055 1239 ltaque
1082 1171 1184 1224 nactus
1211 1161 1362 1222 commodam

235 1272 414 1330 occasionem
437 1289 493 1328 non
515 1272 621 1344 putavi,
644 1285 710 1329 eam
729 1287 791 1346 esse
812 1269 1030 1343 negligendam,
1051 1269 1176 1342 ideoque
1202 1269 1254 1326 has
1272 1269 1362 1324 litteras

234 1371 383 1441 atropatus
404 1375 529 1434 exaravi.
569 1375 697 1432 Primum
718 1379 814 1432 antem
836 1380 866 1432 te
887 1373 960 1432 scire
982 1373 1076 1440 velim,
1098 1389 1150 1431 nos
1170 1373 1227 1430 Dei
1247 1369 1362 1430 beneficio

235 1479 401 1538 valetudine
422 1477 505 1536 firma
525 1485 556 1537 et
575 1495 715 1551 prospera
734 1476 806 1545 frui,
835 1466 988 1552 studiaque
1016 1478 1134 1550 pietatis
1159 1483 1189 1534 et
1209 1476 1310 1534 artium
1325 1473 1362 1530 ho·

234 1590 383 1642 nestarum
404 1589 530 1642 tractare
552 1600 604 1655 pro
625 1583 711 1640 virili.
753 1582 824 1640 Cum
845 1591 943 1642 antem
963 1599 998 1641 eo
1020 1582 1076 1640 loci
1102 1599 1178 1640 nuno
1205 1581 1277 1651 sim,
1304 1578 1363 1636 nude

234 1704 291 1746 non
311 1685 396 1746 facile
417 1690 446 1746 in
468 1689 590 1760 patriam
612 1688 648 1746 de
670 1687 756 1746 rebus
777 1687 884 1745 nostris
913 1687 982 1744 dare
1009 1686 1124 1744 litteras
1152 1685 1259 1756 liceat,
1288 1682 1321 1742 ad
1341 1688 1363 1740 te

233 1799 378 1864 tamquam
399 1793 523 1851 alterum
543 1799 692 1865 parentem
714 1798 859 1862 nostrum,
889 1791 925 1850 de
945 1807 978 1850 re
1006 1791 1129 1862 quadam
1149 1806 1206 1848 uon
1228 1795 1284 1847 tam
1302 1792 1365 1844 certa

234 1913 319 1970 qnam
339 1897 502 1970 periculosa
522 1896 649 1958 scribere
670 1897 756 1954 volui.
788 1895 907 1954 Fuimus
928 1899 995 1952 ante
1013 1910 1118 1967 paucos
1133 1892 1364 1969 mensesEraoco-

234 1998 303 2058 forti
324 2002 353 2058 in
375 2001 497 2058 comitiis
512 2001 672 2073 principum
683 1998 854 2071 Germaniae,
875 1999 925 2056 ubi
945 1999 1042 2056 audivi
1063 2015 1098 2056 ex
1119 1997 1289 2070 quibusdam
1306 1995 1365 2052 notis

233 2104 341 2176 amicis,
363 2102 469 2162 fratres
490 2110 603 2162 nostros
620 2103 800 2175 Waldenses,
822 2103 870 2176 qui
892 2109 1043 2161 versentur
1062 2103 1092 2159 in
1105 2101 1257 2173 Bohemia,
1276 2117 1293 2158 a
1310 2115 1364 2158 non·

234 2209 322 2266 nullis
345 2209 493 2267 malevolis
514 2215 544 2266 et
559 2209 681 2267 inimicis
696 2208 844 2281 religionis
860 2223 946 2266 causa
959 2207 997 2266 ad
1013 2205 1229 2265 serenissimum
1244 2207 1365 2264 Romano·

235 2329 296 2370 rum
312 2328 410 2384 regem
423 2312 535 2370 delatos
548 2328 622 2383 esse,
645 2312 712 2370 ideo
727 2312 836 2370 scilicet
848 2312 928 2384 quasi
943 2327 999 2368 non
1015 2311 1144 2369 contenti
1161 2311 1216 2370 hac
1237 2312 1364 2383 agnitione

233 2417 298 2488 Dei,
320 2433 384 2489 qnae
403 2417 445 2474 eis
456 2417 565 2490 Spiritu
586 2424 684 2475 sancto
705 2425 808 2477 autore
829 2419 858 2474 in
879 2416 1030 2488 evangelio
1051 2416 1275 2484 suo-revelavit,
1296 2415 1364 2472 etiam

232 2521 304 2578 alias
320 2536 408 2578 novas
423 2527 515 2579 sectas
531 2523 691 2594 praesertim
709 2521 955 2592 anabaptistarnm
970 2521 1065 2578 denno
1076 2521 1272 2579 introducant.
1293 2521 1366 2590 Quem

232 2641 286 2698 ego
306 2643 452 2684 rumorem
474 2643 577 2705 uanum
598 2643 661 2684 esse
683 2627 749 2685 ideo
770 2627 948 2699 arbitrabar,
976 2627 1053 2698 qnod
1071 2629 1129 2699 vqni
1154 2625 1209 2684 hoe
1231 2627 1365 2684 assereret

231 2733 374 2788 neminem
387 2747 449 2790 esse
463 2738 520 2789 tam
535 2731 730 2803 impudentem
746 2732 914 2805 putaverim.
936 2731 975 2789 ht
987 2731 1035 2788 ubi
1046 2731 1100 2788 huc
1110 2731 1309 2789 serenissimus
1326 2743 1366 2785 rex

231 2833 268 2891 ad
289 2829 447 2906 principem
470 2837 626 2894 electorem
648 2837 784 2908 venisset,
805 2836 880 2894 idem
903 2837 989 2894 etiam
1011 2852 1046 2892 ex
1063 2835 1246 2894 sermonibus
1259 2848 1366 2908 quorun-

231 2937 297 2996 dam
317 2939 405 3011 regiae
426 2941 587 3012 majestatis
606 2939 789 2998 familiarium
811 2941 951 3012 intellexi,
972 2957 1036 3012 qnae
1057 2956 1103 2996 res
1116 2945 1146 2998 et
1161 2939 1364 2997 admirationem

207 3041 349 3110 ¹attulit,
380 3048 411 3100 et
432 3042 457 3100 si
479 3060 546 3102 vera
567 3051 660 3115 esset,
690 3045 818 3102 dolorem
840 3061 896 3101 non
918 3044 1091 3102 mediocrem
1111 3043 1265 3102 attulisset
1304 3039 1364 3098 Nam

179 3191 180 3194 ,
231 3161 295 3202 cnm
316 3145 398 3202 nobis
420 3146 523 3218 religio
544 3144 665 3205 fratrum
687 3148 885 3206 Waldensinm
910 3148 1000 3220 probe
1028 3152 1181 3220 perspecta
1208 3148 1260 3218 sit,
1291 3146 1366 3202 utitur

230 3249 305 3307 enim
328 3266 383 3307 non
404 3251 504 3320 paucis
525 3251 691 3323 magnificus
705 3269 810 3326 parens
820 3260 919 3310 nostor
928 3251 1008 3310 verbi
1021 3252 1109 3309 divini
1123 3249 1366 3316 concionator-ihus,

229 3353 307 3424 iique
328 3368 402 3423 pene
425 3369 523 3411 omnes
544 3371 580 3412 ex
595 3355 732 3414 Bohemia
752 3356 788 3413 ad
801 3373 853 3414 nos
868 3359 992 3428 veniant,
1014 3371 1107 3428 neque
1129 3355 1285 3428 quidquam
1305 3354 1366 3425 ejus·

230 3456 307 3514 modi
329 3473 468 3514 novarum
488 3475 585 3518 rerum
606 3461 771 3529 moliantur,
792 3459 878 3519 facile
899 3460 1044 3527 adducor,
1076 3465 1108 3516 ut
1135 3459 1270 3531 credam,
1299 3459 1366 3526 istos,

229 3561 370 3634 aquibus
393 3561 577 3622 schismatum
598 3565 810 3638 insimulantur,
831 3583 933 3638 parum
955 3583 1053 3638 aequos
1077 3571 1261 3624 accusatores
1280 3562 1366 3628 fnisse

229 3672 297 3724 sunit
311 3665 393 3734 enim,
416 3669 491 3740 quod
514 3685 567 3740 ego
588 3667 684 3740 sciam,
707 3669 847 3741 ejusmodi
869 3686 979 3726 morum
1002 3675 1032 3727 et
1051 3670 1169 3740 pietatis
1190 3669 1323 3736 homines,
1341 3668 1366 3719 nt

229 3767 303 3853 illos
316 3767 393 3824 solos
414 3769 482 3840 ipsis
510 3769 583 3826 hanc
612 3773 677 3827 vitoe
703 3772 917 3829 sanctimonium
943 3771 1073 3829 invidere
1101 3774 1278 3842 existimem,
1308 3782 1366 3842 qnos

228 3877 294 3942 post
314 3889 345 3929 se
374 3873 459 3943 longe
490 3874 658 3946 relinquunt
690 3875 828 3934 doctrinae
859 3879 985 3950 puritate
1006 3884 1093 3950 atque
1115 3877 1267 3949 disciplina
1287 3873 1366 3932 eccle·

229 3976 354 4034 siastica.
397 3977 492 4048 Quare
520 3980 542 4035 si
572 3979 649 4052 qnod
677 3985 727 4038 tua
752 3979 828 4054 apud
855 3981 1077 4040 illustrissimum
1109 3983 1266 4054 prinoipem
1296 3986 1364 4037 tuom

227 4079 386 4134 auotoritas
406 4080 517 4148 pondus
539 4079 628 4138 habet
648 4080 749 4156 (habet
769 4089 867 4142 autem
881 4085 1046 4158 maximum)
1068 4102 1173 4158 quaeso,
1194 4084 1298 4143 adhibe
1316 4096 1364 4138 om·

227 4197 292 4238 uem
314 4197 441 4254 operam,
462 4189 495 4239 ut
515 4200 635 4254 quorum
665 4187 767 4244 animis
789 4203 850 4244 eam
873 4189 909 4246 de
930 4189 998 4247 viris
1019 4187 1105 4270 bonis!
1123 4192 1247 4263 iniquam
1269 4186 1363 4259 opinio·

227 4301 292 4342 nem
314 4286 429 4358 quidam
450 4298 667 4361 persuaserunt,
690 4297 741 4349 tuo
762 4292 918 4362 prnmntia
938 4311 974 4351 ex
989 4310 1088 4352 eorum
1103 4293 1246 4352 mentibus
1260 4291 1362 4350 evelles.

226 4389 339 4446 Etenim
362 4397 471 4461 praeter
492 4393 649 4453 calumnias
675 4395 747 4453 nihil
775 4397 821 4454 hic
847 4397 909 4456 veri
935 4413 998 4456 esse
1026 4399 1212 4468 crediderim,
1237 4398 1295 4454 imo
1323 4409 1363 4464 op
