2852 5076
782 355 824 418 88
1301 348 1351 405 5555

230 539 327 587 uotum
348 533 472 602 spectat,
503 530 630 602 etipse,
658 543 720 586 cum
742 525 873 586 Venetiis
900 526 997 586 nullus
1023 530 1101 586 esset
1121 525 1301 598 magistratus
1322 527 1353 584 in·
1409 528 1410 535 ’

228 633 376 708 quisitioni
398 634 444 708 (nt
465 631 576 698 dicuntl
598 630 760 704 praefectus.
801 631 865 704 lpse
887 630 961 704 dux,
982 634 1015 688 ut
1034 628 1181 690 inhiberet
1202 631 1354 690 ecclesiasti-

229 755 328 798 corum
347 737 539 810 insolentiam,
561 737 710 796 constituit
737 737 935 810 magistratum
962 734 1152 808 peculiarem,
1181 735 1258 809 quod
1279 733 1356 793 iecere

227 861 285 903 nun
305 842 457 918 potuisset,
479 842 534 902 nisi
555 843 619 914 cJ'us
640 832 723 901 esset'
736 839 887 914 religionis
908 855 1009 911 cansa,
1040 842 1071 896 et
1098 853 1162 895 cum
1191 837 1357 912 magistratus

229 947 368 1016 illeveutc
389 961 440 1003 sex
460 961 549 1004 annos
574 942 695 1002 Baldum
723 940 948 1002 comburendum
974 941 1152 1002 decrevisset
1180 941 1217 1000 ob
1246 946 1358 1008 consten-

229 1049 299 1110 tinm
320 1049 350 1108 iu
377 1065 446 1108 vere
472 1047 622 1122 religione,
649 1046 711 1120 ipse
740 1045 799 1104 dos
826 1044 938 1104 facinus
964 1051 1023 1104 tem
1049 1045 1225 1106 horrendum
1247 1045 1359 1106 Venetis

229 1155 340 1231 patrari
360 1154 462 1214 noluit.

733 1255 873 1315 Tertium.

319 1361 481 1436 Stephanus
512 1360 655 1434 Teupnlus
687 1377 812 1420 summus
844 1361 963 1434 (preater
987 1359 1102 1437 ducem)
1132 1363 1162 1420 in
1189 1361 1301 1420 Veneta
1326 1377 1360 1417 re-

139 1499 143 1506 ·
229 1467 344 1540 publice
364 1466 417 1538 vir,
445 1465 481 1526 ob
502 1465 652 1524 maximnm
674 1465 860 1524 autoritatem
883 1467 1005 1526 maxime
1025 1471 1122 1540 potest
1142 1465 1290 1540 negotium
1308 1481 1359 1538 pro·

231 1581 362 1644 movere;
384 1573 409 1630 is
429 1575 512 1644 peter
533 1575 578 1630 est
599 1570 757 1629 oratoris..
1104 1573 1108 1580 “

725 1661 874 1746 Quartum.

312 1779 431 1838 Venetis
451 1780 566 1838 abunde
587 1778 764 1840 satisfactum
785 1781 877 1840 videri
897 1786 1010 1854 posset,
1035 1782 1059 1838 si
1080 1780 1189 1840 Baldus
1208 1781 1244 1838 eb
1266 1782 1361 1838 illomu

233 1885 342 1943 ditione
364 1881 502 1951 exularet,
524 1902 558 1943 ac
578 1885 693 1944 iuterim
714 1885 844 1962 principi,
866 1885 991 1945 utillum
1007 1887 1038 1946 iu
1056 1902 1109 1944 suo
1125 1885 1232 1944 ducatu
1249 1885 1361 1953 haberet,

233 1987 389 2064 gratificari
408 1995 537 2066 possent.

786 2295 831 2353 18.

536 2415 660 2501 Verger
683 2437 726 2480 eu
748 2415 867 2501 herzog
889 2415 1072 2500 Christoph.

578 2549 587 2558 '
626 2546 692 2605 Ulm
714 2547 751 2604 27
772 2547 881 2605 Jenuer
903 2547 987 2605 1555.

303 2666 493 2722 Neohrichten
519 2668 589 2722 iiber
613 2666 660 2722 die
684 2665 820 2722 slevische
847 2667 1130 2736 bibelribersetzung,
1161 2667 1208 2722 die
1233 2667 1364 2739 religiens-

189 2810 196 2820 .
232 2762 440 2834 streitigkeiten
459 2763 489 2817 in
508 2764 644 2818 Lokerno.

301 2858 471 2918 Theilweise.
483 2858 584 2928 (Quum
604 2858 740 2929 scriptura
759 2859 801 2914 bis
820 2859 1004 2930 inflammare)
1023 2857 1162 2930 gedruckt
1174 2858 1203 2913 in
1217 2859 1365 2944 Schnurrer,

231 2952 384 3008 slavisclrer
402 2952 597 3008 bilcherdruek
615 2970 635 3006 s.
657 2954 695 3006 16.
1271 2955 1273 2962 '

309 3049 506 3108 illustrissime
526 3049 664 3122 Princeps
686 3055 715 3110 et
736 3049 858 3109 Domine
880 3051 1002 3110 Domine
1023 3051 1255 3112 Gratiosissime!

196 3195 198 3201 -
312 3156 406 3228 Quum
426 3155 570 3228 scripture
590 3173 642 3214 nos
663 3157 794 3228 monent,
825 3155 1010 3216 maledictum
1038 3172 1116 3230 esse,
1148 3158 1198 3231 qni
1218 3157 1286 3216 facit
1304 3172 1365 3228 opus

233 3260 289 3319 Dei
309 3259 500 3334 negligenter,
522 3266 552 3319 et
573 3277 658 3334 quum
679 3259 749 3318 mihi
768 3277 844 3319 nnnc
863 3257 1012 3320 incumbet
1032 3276 1104 3320 unns
1122 3253 1365 3321 vertendiNomn

233 3366 449 3424 Testamentum
469 3366 499 3423 in
520 3365 646 3438 linguam
667 3365 816 3432 Slevicem
838 3365 895 3424 luit
915 3365 1030 3425 omuino
1050 3383 1185 3440 neeesse,
1213 3369 1247 3426 ut
1266 3366 1366 3426 lllmeu

232 3469 376 3541 venirem,
407 3486 462 3543 quo
489 3485 638 3528 evocarem
663 3471 700 3528 ad
721 3485 767 3534 me
794 3471 939 3544 pastorem
962 3469 1199 3544 Campidunensis
1220 3469 1341 3531 ecclcsiae
1351 3466 1365 3536 ¹,

231 3575 319 3648 utque
340 3571 487 3647 cumipse
508 3589 603 3632 coram
624 3573 793 3634 conferrem.
834 3575 909 3634 Veni
930 3575 1044 3650 ituquc,
1072 3575 1182 3634 contuli
1209 3593 1272 3650 quae
1290 3571 1365 3642 volui,

232 3678 319 3750 etque
340 3677 426 3736 hodie
445 3693 545 3736 rursus
567 3677 756 3753 Goeppingam
777 3679 951 3739 redeocum
973 3679 1093 3739 doctore
1116 3678 1221 3752 Fabri,
1251 3678 1297 3754 qui
1314 3692 1366 3736 urc-

233 3781 296 3839 eum
318 3782 371 3840 est.
402 3781 554 3854 Negotium
574 3782 714 3852 versionis
733 3785 807 3844 bene
827 3753 916 3843 hennei
935 3782 1119 3858 feliciterque
1139 3785 1288 3857 procedet,
1307 3783 1363 3840 Deo

231 3885 336 3958 gretie.
376 3885 484 3945 Audivi
504 3887 540 3944 ab
561 3887 662 3946 eodem
683 3889 800 3959 pastore
821 3887 1054 3960 Cempiduueusi,
1076 3886 1203 3961 quinque
1224 3887 1287 3946 illus
1304 3900 1364 3958 pro·

231 3987 341 4048 vincias
362 3989 488 4049 Austriee
515 3992 605 4050 multe
632 3992 739 4051 habere
767 3991 911 4064 evangelii
939 3993 1063 4065 seminem
1092 3991 1262 4052 benedictus
1288 3991 1364 4048 Dens.

233 4095 403 4154 Conuersati
423 4114 520 4156 sumus
540 4098 603 4157 toto
624 4099 678 4156 hoc
705 4098 803 4158 triduo
831 4116 896 4158 cum
924 4097 1065 4157 ministris
1093 4098 1215 4171 hujusce
1235 4091 1365 4158 Ulmcnsis

233 4199 378 4270 ecclesie,
404 4217 460 4259 non
482 4201 544 4262 sine
564 4201 660 4262 irnctu
680 4204 781 4278 gloriae
802 4203 859 4264 Dei
880 4202 926 4282 (ut
946 4205 1060 4280 spero);
1092 4202 1160 4262 sunt
1184 4202 1259 4262 enim
1283 4197 1365 4261 adhuc

802 4327 818 4364 ’lt

304 4417 317 4484 l
338 4417 445 4484 Truber
463 4437 484 4476 s.
503 4439 530 4476 n.
551 4422 592 4487 17.
