2884 5074
71 280 78 288 μ
102 319 165 378 liii
639 333 702 396 439

98 509 163 568 mus,
184 509 235 554 uos
255 497 371 570 quidem
392 497 469 570 lieet,
491 505 523 560 ut
544 503 619 574 typis
641 504 814 579 excudatur,
834 507 877 567 ita
897 514 996 570 umen
1017 509 1189 572 emendatus
1211 520 1241 572 et

97 605 251 669 correctus,
273 609 305 661 nt
325 618 361 662 ex
382 603 444 676 ipso
464 603 539 664 libro
561 607 659 668 videre
679 609 746 670 licet
766 611 896 686 nihilque
917 630 1077 686 moremur,
1099 616 1168 690 quin
1188 618 1240 676 mi-

96 721 145 763 nus
165 705 287 764 eundem
309 707 425 766 domiuo
447 707 512 768 duci
526 711 686 772 Radzirillo
702 714 851 776 dedieetis.
882 717 983 778 Potest
1005 719 1092 778 etiam
1105 716 1241 780 Aurelius

94 825 179 882 nepos
200 817 295 872 vester
323 829 380 870 nne
408 813 551 874 vobiscum
578 818 734 891 accedere,
767 837 800 880 ue
826 821 863 882 de
889 821 943 892 his,
973 840 1036 898 quae
1060 823 1097 884 de
1121 823 1240 886 Gallicis

94 916 192 990 legetis
214 916 311 989 babet,
332 919 472 980 certiores
493 936 545 980 nos
565 921 700 982 reddere.
741 925 832 1000 quue
853 943 903 986 ros
923 927 1021 988 velere
1042 930 1184 990 uolumus.

618 1163 710 1226 1565.

631 1327 697 1382 224.

394 1437 518 1524 Verger
541 1461 582 1504 en
605 1439 725 1526 herzog
749 1439 934 1530 Obrisiopb.

452 1551 602 1626 Tdbingeu
626 1555 660 1610 ll
683 1553 765 1627 April
789 1557 873 1615 1566.

154 1653 247 1710 Bittet
270 1672 316 1708 um
341 1654 443 1726 herzog
469 1655 633 1725 christophe
660 1658 851 1728 verweuduug
875 1659 921 1714 bei
947 1657 1039 1714 kaiser
1060 1658 1236 1714 Maximillae

89 1765 118 1800 zu
137 1749 260 1818 gunsten
280 1746 356 1802 eines
375 1747 568 1802 vertriebeueu
587 1748 745 1804 Italitners.
1266 1745 1269 1753 '

163 1845 364 1904 illustrissime
386 1845 524 1920 Princeps
545 1852 574 1904 et
596 1845 717 1906 Domine
740 1847 862 1906 Domine
884 1847 1131 1910 clementissime!

161 1949 277 2010 Eodem
299 1950 356 2021 die,
378 1967 435 2024 quo
456 1950 653 2010 illustrissima
675 1950 824 2010 celsitudo
842 1951 948 2012 Vestra
967 1953 1107 2024 discessit,
1128 1951 1235 2012 Tubiu-

88 2069 147 2126 gam
168 2055 251 2113 uenit
271 2071 429 2127 generosus
450 2055 477 2112 d.
499 2070 593 2115 comes
614 2053 723 2114 Ulissos
744 2071 761 2112 a
781 2055 965 2128 Martineugo
982 2056 999 2126 ¹,
1024 2055 1060 2114 de
1081 2058 1164 2128 enjus
1184 2056 1234 2115 bo·

87 2175 186 2218 uorum
209 2157 412 2218 confiscatione
433 2165 520 2234 atque
542 2159 628 2218 exilio
650 2159 811 2234 (religionis
833 2160 947 2218 nomine
968 2158 1094 2237 motum)
1118 2159 1234 2218 memini

89 2281 129 2324 me
151 2281 208 2324 non
230 2264 329 2332 semel,
351 2263 401 2322 sed
424 2265 527 2335 sepius
549 2281 611 2323 eum
628 2263 806 2324 celsitudine
818 2265 923 2324 Vestra
936 2265 1133 2324 Illustrissima
1152 2280 1234 2323 reve·

86 2373 182 2426 renter
205 2367 377 2436 contulisse,
399 2369 423 2428 is
444 2368 472 2426 ln
495 2384 604 2426 summa
624 2373 683 2440 est,
705 2369 733 2425 in
755 2383 840 2442 quem
863 2368 965 2428 Vestra
986 2368 1147 2430 Clementia
1167 2385 1233 2428 eeu-

84 2477 140 2530 tum
162 2472 291 2532 florenos
310 2475 338 2530 in
360 2473 546 2532 christianum
568 2473 726 2530 subsidium
748 2472 909 2532 liberaliter
936 2472 1069 2533 donando
1099 2474 1146 2548 pie
1166 2490 1234 2534 cou-
1327 2526 1330 2531 .

85 2578 156 2636 tulit.
190 2579 326 2638 Venisset
347 2583 414 2636 aitte
436 2579 488 2636 bae
509 2577 546 2652 (si
566 2594 619 2650 per
632 2577 825 2636 valetudinem
841 2577 993 2654 licuisset),
1014 2584 1048 2638 ut
1062 2577 1234 2638 Celsitudiui

85 2683 193 2745 Vestrae
216 2682 421 2742 illustrissimae
442 2699 538 2742 eoram
559 2681 668 2754 gratias
689 2687 799 2754 ageret,
823 2682 874 2740 sed
895 2699 957 2740 eum
975 2682 1089 2741 Domini
1101 2681 1234 2740 voluutas

84 2785 178 2858 fuerit,
202 2794 236 2846 ut
256 2788 343 2859 longa
364 2793 394 2845 et
414 2787 581 2860 gravissima
602 2786 774 2860 aegritudine
796 2785 939 2857 detentus,
961 2801 1162 2860 nequeeoram
1181 2803 1232 2844 ne·

84 2909 135 2964 oue
155 2909 210 2966 per
230 2893 344 2952 litteras
366 2890 462 2967 (sicuti
483 2891 633 2967 voluisset)
661 2891 690 2949 id
719 2896 858 2962 praetere
884 2891 1028 2964 potuerit,
1053 2895 1154 2949 nactus
1171 2890 1232 2962 jem

84 2995 248 3056 vaietudine
270 2998 363 3054 minus
383 2995 511 3063 infirma,
533 2995 692 3054 ootnsultius
716 2995 866 3068 judicavit,
887 2999 1057 3054 reverenter
1077 2993 1231 3054 celsitudi-

83 3116 144 3160 nem
158 3101 295 3160 Vestram
315 3100 540 3159 illustrissimam
561 3099 623 3172 ipse
645 3099 735 3171 adire,
758 3105 787 3158 et
808 3101 885 3172 quod
905 3100 980 3172 grati
1001 3099 1088 3157 animi
1108 3097 1232 3157 officium

83 3212 133 3274 est,
155 3205 305 3264 humiliter
325 3212 473 3278 praestare.
510 3203 684 3278 Dignabitur
705 3220 774 3278 ergo
796 3203 946 3263 Celsitudo
967 3205 1073 3262 Vestra
1092 3202 1232 3263 illustris·

82 3311 150 3370 sima
170 3311 297 3386 eundem
317 3328 370 3383 pro
392 3327 444 3368 sua
465 3310 622 3369 christiana
642 3310 753 3384 pietate
774 3310 934 3367 clementer
954 3309 1111 3382 suscipere.

157 3415 257 3474 Habet
278 3415 364 3474 etiam
390 3414 443 3472 sibi
465 3414 589 3472 nobilem
610 3414 753 3488 quendam
775 3413 957 3472 vicentinum
977 3412 1174 3472 Alexandrum
1195 3411 1231 3472 de

83 3519 218 3580 Trissinis
239 3521 415 3593 adjunctum,
437 3521 485 3592 qui
507 3525 626 3594 propter
641 3525 768 3578 nostram
785 3517 955 3591 religionem
971 3516 1110 3592 profugus
1121 3518 1151 3576 iu
1164 3516 1232 3576 Gal·

82 3624 262 3700 liamprimo
283 3643 314 3684 se
336 3625 473 3696 eontulit3
499 3624 554 3684 luit
574 3627 649 3683 enim
672 3624 802 3697 captivus
823 3630 852 3682 et
872 3624 1040 3696 gravissime
1060 3640 1078 3680 a
1098 3622 1232 3681 satelliti·

82 3729 131 3788 bns
151 3730 316 3788 antichristi
344 3736 534 3802 persecutus,
566 3735 595 3787 et
621 3729 738 3787 tandem
764 3729 904 3804 singulari
925 3728 981 3787 Dei
1009 3725 1151 3786 beneficio
1178 3743 1232 3800 per

82 3835 206 3893 careerbs
228 3835 408 3908 eruptionem
431 3833 568 3892 divinitus
589 3833 689 3892 evasit.
718 3833 746 3890 Is
766 3833 895 3906 quamvis
916 3848 1009 3906 neque
1029 3832 1164 3890 bannitus
1185 3831 1232 3902 sit,

82 3953 173 4014 neque
195 3940 259 4011 ejus
280 3938 355 3997 bona
382 3938 459 4014 (quae
484 3945 580 3997 tamen
607 3939 636 3995 in
663 3937 792 4008 periculo
818 3936 981 4014 versantur)
1008 3936 1078 3994 fiseo
1105 3952 1232 4010 unquam

81 4042 175 4104 dicata
195 4041 322 4112 fuerunt,
345 4043 395 4101 sed
416 4042 593 4102 solummodo
613 4059 667 4115 per
685 4043 844 4102 absentiam
860 4041 1053 4119 (papistarum
1061 4038 1155 4116 more)
1167 4056 1231 4098 eum

335 4155 337 4160 ·
648 4147 662 4181 ’l‘

82 4223 126 4277 ein
145 4195 294 4295 gunstiges
313 4222 418 4278 urtheil
436 4223 617 4295 abgegeben,
646 4225 714 4279 aber
737 4220 782 4277 die
811 4222 919 4277 ebreise
939 4221 1059 4292 Vergers
1078 4189 1134 4282 und
1154 4219 1230 4276 aeine

82 4310 272 4366 zuuehmende
290 4311 503 4367 irrituirlichlreii
522 4311 722 4367 verhiuderten
741 4310 815 4366 wohl
833 4310 888 4364 den
906 4307 1004 4364 druek.

152 4397 215 4452 lS.
236 4415 261 4452 n.
282 4398 340 4453 184.
377 4399 604 4471 bergomen.
625 4400 685 4456 203.
