2852 5076
53 373 114 428 1555
583 379 645 442 113

49 546 137 606 dinem
156 546 301 616 Vestram,
321 553 353 606 ut
375 547 510 622 dignetur
530 549 567 608 ad
588 565 634 610 me
652 549 755 622 iubere
778 552 852 610 mitti
873 550 1039 628 confestim,
1067 553 1113 614 obi
1136 555 1186 614 ad·

51 655 166 724 venerit3
195 653 261 711 solo
286 655 362 711 enim
384 653 480 716 italice
502 661 635 726 vertere,
668 673 732 716 nam
754 657 795 714 ita
815 657 1020 716 instantissime
1046 665 1148 731 petunt
1170 677 1187 718 a

49 771 87 814 ne
107 754 193 814 frates
214 753 290 814 Itali.
645 759 648 764 '
811 742 818 770 '

117 861 173 918 liro
193 862 334 918 aeternnm
356 865 468 934 patrem
489 859 596 919 domini
623 864 712 920 nostri
734 861 804 921 lesu
827 863 947 934 illinisti,
976 869 1008 923 ut
1028 865 1186 926 illustrissi-

51 981 113 1022 mam
147 964 328 1037 Dignitatem
362 965 451 1024 Tuam
490 973 585 1024 servet
621 966 789 1026 ineolumem
822 968 950 1026 eeclesiae
982 986 1041 1028 suae
1072 979 1186 1046 sanetus,

54 1085 128 1128 amen.

116 1174 300 1248 Reuttlingae
321 1173 418 1232 XllIlI
439 1173 563 1246 Augusti
587 1171 670 1230 1555.

944 1281 1107 1355 Vergerius.
1197 1299 1201 1308 ’

566 1541 612 1595 33.

342 1669 373 1735 V
375 1689 468 1755 erger
490 1693 533 1735 an
556 1671 675 1756 herzog
698 1671 883 1756 Christoph.

354 1802 530 1876 Rentliugen
554 1806 587 1858 12
604 1803 767 1862 November
789 1805 874 1862 1555.

113 1922 228 1979 Sohiokt
254 1922 301 1978 die
324 1923 452 1994 thegen
481 1925 571 1980 seiner
595 1927 780 1998 ubersetzung
808 1927 855 1982 des
879 1923 1058 1980 brenuisehen
1086 1925 1188 1981 buohes

52 2033 129 2086 gagen
147 2017 216 2072 Soto
235 2017 294 2072 und
312 2017 452 2073 bariehtet
471 2019 541 2074 iiber
560 2019 605 2075 die
624 2021 761 2077 slavisohe
780 2019 1050 2091 bibeliiberselanng.

109 2114 251 2170 Gedruekt
270 2112 317 2168 bei
336 2113 442 2168 Sattler
460 2113 507 2178 IV,
525 2113 636 2185 beilega
654 2116 695 2180 33,
715 2132 736 2170 s.
756 2115 798 2170 85.

116 2209 314 2270 illustrissime
336 2209 473 2283 Princeps
494 2217 524 2269 et
545 2210 667 2270 Domine
690 2212 812 2272 Domine
833 2211 1061 2272 Gratiosissimel

117 2314 270 2372 Neminem
290 2311 383 2372 habeo
394 2319 459 2384 post
473 2311 576 2380 Deum,
598 2315 644 2397 oui
665 2313 785 2374 debeam
806 2315 930 2376 reddere
951 2317 1092 2376 rationem
1111 2317 1185 2375 villi·

53 2418 159 2476 notionis
181 2433 268 2490 meae,
290 2417 343 2476 uisi
365 2416 537 2476 celsitudini
559 2417 680 2476 Vestrae.
722 2417 817 2488 Quare
839 2436 925 2492 quum
946 2418 1087 2478 audierim
1108 2419 1186 2477 illam

54 2522 161 2583 rediisse
184 2522 300 2582 domum
323 2519 415 2597 (quod
436 2513 506 2579 felin
526 2521 709 2596 faustumque
731 2522 798 2596 sit),
829 2523 906 2582 volui
936 2523 1089 2595 nuntiare,
1120 2523 1188 2596 qaid

54 2643 114 2685 nuno
138 2645 232 2702 agam.
274 2626 356 2685 Venti
377 2627 481 2685 librum
504 2628 531 2686 d.
554 2628 667 2686 Brentii
688 2633 789 2687 eontra
810 2630 930 2688 Asotnm
943 2628 967 2698 ¹,
996 2635 1026 2685 et
1046 2644 1115 2686 euro
1137 2643 1187 2686 ex·

56 2732 118 2790 omli.
158 2731 247 2790 Mitto
269 2733 326 2792 tria
352 2732 445 2802 prima
465 2729 543 2790 lolia.
582 2730 701 2790 Alfirmo
721 2730 849 2791 futurum
870 2733 961 2790 Italiae
982 2731 1066 2790 valde
1086 2731 1185 2788 utilem

56 2841 82 2894 te
100 2835 157 2896 lere
178 2837 391 2905 necessarium,
412 2854 477 2895 nam
497 2837 601 2910 passim
622 2837 682 2896 illio
702 2838 838 2910 leguntur
859 2837 960 2896 deliria
982 2835 1064 2894 Asoti
1085 2834 1132 2910 (ut
1150 2833 1188 2892 ad

55 2957 90 2998 ne
109 2921 236 3002 soribunt
256 2941 394 3018 iratres),
425 2942 528 3016 quibus
557 2949 636 3002 certe
658 2952 721 3001 erat
741 2942 956 3002 occurrendum.
996 2939 1107 3012 Spero,
1139 2955 1184 2995 rue

55 3048 118 3107 intra
137 3049 208 3108 duas
229 3054 282 3106 aut
301 3053 362 3106 tres
381 3050 563 3121 ,septimanas
583 3049 782 3107 absoluturum
810 3047 937 3106 laborem
958 3047 1033 3104 huno
1054 3049 1084 3102 et
1105 3042 1184 3102 Sint·

56 3154 169 3223 audiam
190 3153 362 3223 rediturum,
384 3151 476 3210 habeo
492 3155 567 3210 enim
582 3153 720 3210 nonnulla
735 3169 798 3209 eum
812 3149 991 3210 Celsitudine
1002 3149 1108 3208 Vestra
1121 3163 1189 3206 oon·

57 3255 169 3319 ferenda.

124 3365 156 3422 D.
177 3366 304 3423 loannes
326 3362 475 3437 Ungnod²
494 3364 573 3420 misit
598 3363 637 3425 ad
657 3380 702 3420 ore
723 3363 854 3419 nutilium
883 3361 914 3417 et
940 3359 1100 3416 versionem
1121 3372 1191 3430 qua·

60 3472 114 3526 tuor
141 3469 401 3543 evangelistarmn3
443 3478 521 3527 oerte
549 3468 634 3525 valde
665 3465 788 3524 afficitur
817 3465 911 3538 gloria
938 3464 993 3522 Dei
1019 3463 1110 3521 bonus
1141 3461 1191 3518 ille

60 3569 181 3633 domnus.
222 3573 366 3646 Dignetm·
391 3571 558 3630 Sublimitas
578 3572 683 3629 Vestra
704 3571 803 3643 legere
831 3569 910 3628 illins
941 3567 1054 3626 litteras
1075 3565 1119 3626 ad
1145 3581 1190 3622 une

61 3680 176 3753 sanetas,
205 3681 367 3753 praesertim
396 3678 462 3750 quia
490 3695 520 3736 se
546 3676 588 3735 illi
609 3681 779 3735 reverenter
800 3673 990 3732 commendat.
1032 3671 1071 3729 Et
1092 3676 1188 3728 tamen

63 3781 138 3844 alluo
158 3785 275 3844 videtur
294 3785 398 3842 timere
419 3799 500 3840 sunm
522 3797 629 3854 regem,
650 3780 692 3838 ita
707 3779 782 3837 enim
798 3779 866 3836 mihi
883 3779 946 3848 ejus
961 3775 1078 3834 nuntius
1094 3790 1191 3832 eoram

63 3896 151 3948 narrat.
190 3889 270 3949 Dens
292 3905 357 3946 eum
377 3883 541 3944 confirmet!
572 3888 670 3954 potest
698 3881 772 3940 euim
798 3879 882 3938 valde
903 3893 1072 3951 promovere
1103 3891 1189 3934 evan-

64 3992 152 4060 gelium
172 4011 222 4054 sua
242 3993 410 4064 autoritate,
432 3989 508 4064 quod
531 4003 615 4059 sparo
631 3987 711 4046 illum
732 3984 960 4044 essefacturum.
992 3978 1190 4040 illustrissime

65 4093 129 4155 Duxi
148 4099 248 4158 Vestra
263 4097 382 4172 quidem
396 4094 545 4155 Celsitudo
560 4109 617 4152 non
637 4098 703 4164 eget
724 4089 944 4160 hortationibus,
966 4087 1018 4146 sed
1038 4102 1083 4146 me
1104 4090 1191 4157 urget

609 4225 624 4257 ’l‘

124 4333 135 4384 l
156 4333 180 4386 S.
197 4353 224 4388 n.
242 4335 285 4388 32.

124 4419 138 4470 2
154 4419 178 4475 S.
197 4439 223 4475 n.
242 4424 284 4476 30.

111 4520 191 4576 verger
