2862 5080
738 363 802 426 cus
1044 440 1046 446 Α
1283 353 1342 412 1⁵⁶⁴

197 533 334 608 scrihere,
355 551 525 610 quemquem
545 533 582 594 de
603 531 732 608 parvulis
753 535 905 592 contentus
926 538 984 606 est,
1005 532 1043 592 sd
1063 531 1207 594 modicum
1228 545 1342 606 praesur·

198 640 250 700 tim
271 644 393 714 tempus.
1425 623 1426 630 ἵ

275 739 414 817 Tuhingoe
434 745 473 802 20
492 742 617 818 Augusti
641 742 725 804 1564.

787 865 790 872 ·
845 830 847 841 “
958 849 1120 924 Vergerius
1139 848 1276 908 servitor.

744 1102 811 1158 214.

499 1231 628 1316 Herzog
650 1229 826 1316 christoph
849 1253 893 1298 un
916 1229 1050 1318 Verger.

541 1360 704 1432 huningen
726 1362 765 1418 24
785 1359 900 1434 August
922 1359 1006 1418 1564.

271 1493 403 1549 Autwort
420 1491 471 1548 suf
487 1507 515 1547 ιι.
532 1491 594 1547 213.
1084 1542 1094 1558 N

281 1590 337 1650 Dei
357 1591 452 1663 grstia
474 1588 694 1662 christophorus
714 1589 782 1648 Dux
802 1587 1066 1662 Virtembergensis
1087 1594 1141 1648 etc.

281 1695 453 1754 Reuerendo
473 1694 556 1754 nohis
576 1694 682 1754 dilecte
703 1700 733 1754 et
753 1692 861 1753 fidelis!
1321 1753 1325 1762 ,

278 1801 451 1873 Accepimus
470 1799 584 1860 litteras
603 1805 723 1873 vestras,
744 1804 774 1858 et
794 1803 934 1873 quuutum
953 1802 1066 1870 spectet
1087 1797 1125 1856 ud
1149 1795 1344 1857 conducendus
1425 1875 1426 1884 ἵ

202 1905 279 1965 mdes
298 1921 351 1980 pro
372 1905 486 1964 domino
506 1903 684 1977 Rudniuillo‚
711 1903 785 1964 bene
806 1902 917 1964 fecistis
936 1903 967 1962 in
988 1919 1038 1976 eo,
1070 1902 1148 1975 quod
1177 1901 1222 1960 illi
1242 1907 1344 1962 vestus
1425 1927 1426 1930 ¹

200 2009 270 2070 dere
298 2009 461 2079 obtulistis,
493 2024 528 2068 ec
555 2008 592 2068 de
619 2024 706 2068 ceusu
733 2009 822 2068 stium
849 2009 1011 2082 occepimus
1039 2007 1154 2067 littores
1174 2023 1193 2065 u
1213 2007 1342 2080 magistro

200 2115 275 2174 uulso
306 2113 376 2173 dicti
408 2113 525 2173 domiui.
575 2113 683 2187 Quibus
710 2113 793 2172 leolis
820 2111 951 2172 dedimus
980 2114 1009 2170 in
1037 2111 1180 2171 mundatis
1207 2109 1342 2186 praelectis

200 2217 306 2278 uostris
326 2217 482 2293 Tubingoe,
510 2222 543 2276 nt
564 2217 641 2276 dicto
662 2216 777 2275 domino
798 2215 957 2275 Rudzivillo
978 2231 1031 2288 pru
1058 2192 1215 2274 commodis
1242 2212 1342 2272 sedibus
1425 2197 1426 2280 J

199 2339 234 2383 oc
253 2323 346 2398 petitu
364 2323 550 2397 prospiciunt,
573 2322 649 2396 quod
670 2322 803 2380 nimirum
824 2337 900 2380 nunc
915 2319 1082 2393 expeditum
1095 2318 1250 2376 oredimus.
1283 2317 1341 2376 (lun

200 2443 269 2487 vero
281 2429 343 2500 ipse
356 2427 534 2487 Rudzivillus
546 2444 603 2486 uus
623 2443 688 2486 cum
709 2443 761 2487 suu
781 2424 892 2485 lumilis
912 2442 948 2486 ex
967 2426 1031 2485 loco
1051 2430 1134 2498 peste
1155 2421 1266 2484 iniecto
1285 2439 1340 2496 pru
1425 2421 1426 2496 j

198 2532 356 2604 deiceretur,
384 2539 415 2593 et
441 2549 477 2592 ue
505 2549 562 2607 que
582 2531 669 2591 turbu
689 2532 801 2592 orietur
821 2532 867 2590 vel
887 2547 987 2590 rumor
1014 2531 1044 2587 in
1065 2528 1168 2602 vulgus
1187 2535 1340 2602 spargatur,

199 2640 322 2697 muxlme
342 2637 424 2697 nobis
445 2638 607 2698 consultum
628 2652 692 2695 esse
713 2633 856 2704 uideatur,
878 2639 911 2693 ut
923 2633 1101 2694 Rudzivillus
1121 2632 1153 2692 in
1173 2633 1261 2690 certis
1281 2630 1340 2689 locis
1425 2713 1426 2716 Ἴ

199 2747 285 2802 extro
304 2741 465 2816 Tubiugum
485 2741 522 2800 ud
543 2741 605 2800 dies
625 2740 844 2816 quatuordecim
865 2755 896 2800 se
917 2739 1075 2810 continent,
1096 2736 1278 2811 postmodum
1296 2751 1338 2808 op·
1425 2717 1426 2812 ]

199 2847 298 2922 pidum
318 2847 508 2920 ingrediatur.
550 2845 633 2919 Quod
654 2843 735 2904 vohis
761 2843 799 2903 ud
827 2842 940 2903 litteras
960 2848 1072 2902 vestros
1101 2841 1277 2916 respondere
1295 2855 1333 2898 uo·

199 2955 313 3022 luimus.
353 2953 434 3012 Beue
454 2953 566 3012 vulets!
1060 3003 1064 3011 .

278 3059 362 3117 Dutae
384 3055 545 3131 Nirthiogae
566 3055 604 3112 24
625 3051 672 3112 die
693 3049 818 3123 Augusti
840 3065 915 3108 anuo
937 3047 984 3114 ch.

742 3305 808 3363 215.

507 3442 631 3530 Verger
655 3463 697 3506 sn
721 3439 840 3526 herzog
862 3437 1045 3522 Chiisloph.

547 3573 699 3648 Tubingen
720 3575 757 3632 25
780 3573 895 3646 August
918 3571 1003 3644 1564.
1060 3581 1062 3584 ·

218 3727 220 3730 -
270 3690 362 3748 uisset
380 3710 427 3746 um
446 3691 526 3763 geld;
546 3689 734 3747 uuchrichien
752 3691 821 3745 iiber
843 3687 980 3744 Ruduivil.

276 3787 474 3846 illustrissime
495 3787 635 3860 Princeps
656 3794 686 3845 et
707 3787 829 3847 Domine
850 3785 974 3844 Domine
996 3783 1240 3844 clementissime!

215 3921 220 3930 -
277 3892 336 3952 Det
356 3892 425 3950 mihi
446 3893 560 3952 veniam
579 3891 778 3951 illustrissima
799 3889 948 3951 celsitudo
963 3890 1077 3962 Vestra,
1099 3889 1176 3962 quod
1197 3887 1278 3946 nimis
1296 3900 1338 3943 su·

199 3997 270 4070 deu;
291 4003 377 4071 urget
397 4013 442 4057 me
464 3999 623 4058 necessitas
643 4013 767 4069 summu,
795 4013 865 4070 opus
886 3996 962 4056 enim
981 3993 1075 4053 hsbeo
1095 3999 1214 4052 centum
1233 3989 1339 4050 florenis

199 4103 230 4161 iu
255 4119 288 4162 re
314 4103 412 4176 magni
437 4104 593 4176 momenti,
626 4101 774 4162 celsitudo
795 4102 901 4160 Vestro
928 4101 1064 4174 dignetur
1090 4098 1161 4156 mihi
1181 4115 1232 4158 eos
1251 4101 1339 4154 mutuo

199 4209 279 4282 dure,
301 4225 373 4283 quos
393 4209 558 4268 brevisum
577 4207 745 4267 redditurus
765 4205 981 4280 proculdubio.
1011 4204 1148 4276 Nuntius,
1169 4204 1221 4278 qui
1238 4201 1339 4262 litteras

73 4366 80 4379 .
199 4311 266 4386 fert,
287 4311 381 4372 fidelis
403 4318 456 4386 est,
477 4313 521 4372 illi
540 4319 609 4373 tuto,
625 4317 764 4386 poterunt
784 4311 938 4384 committi3
959 4309 1088 4384 supplico
1108 4313 1207 4369 autem
1225 4320 1276 4381 per
1293 4303 1338 4364 Je-

200 4431 263 4474 sum
283 4415 438 4489 christum,
459 4431 496 4476 ne
518 4415 594 4474 desit
613 4413 692 4474 mihi.
