2862 5080
768 386 829 444 ass
1299 372 1356 428 1111

224 562 300 636 quod
321 561 438 635 dignata
466 565 510 618 est
533 554 695 630 1111111311ι
724 553 889 628 promisisse
917 567 968 624 pro
997 549 1116 624 duotore
1143 565 1206 608 meo
1234 546 1354 620 nepolct

224 665 399 726 Commendo
425 683 471 730 me
502 667 671 722 reverenter
697 657 870 718 celsitudini
896 656 1006 716 Vestrae
1033 654 1246 716 illustrissimae.
1283 649 1357 708 Pater

223 771 349 830 coelestis
369 778 476 844 augeat
495 767 537 825 illi
560 783 627 824 suos
648 763 761 824 divinos
789 763 958 832 thesauros,
991 759 1124 834 spiritum
1153 765 1183 817 et
1210 755 1289 814 fidem
1315 770 1356 828 per

225 873 371 932 Christum
391 871 539 930 dominum
559 873 699 926 nostrum.

205 968 207 980 '
303 976 443 1050 'lubingae
465 973 535 1032 XXI
557 971 680 1044 Augusti
703 968 855 1028 MDLXIl.

458 1077 657 1136 illustrissimae
680 1073 867 1132 celsitudinis
889 1072 1000 1131 Vestras
1022 1073 1149 1130 servitor

549 1171 552 1178 ’
1129 1176 1294 1248 l'ergerius.

298 1285 513 1358 Eigeniiandige
533 1283 814 1352 randbemerlsungen
835 1279 883 1334 des
903 1279 1035 1347 herzogs:

296 1392 313 1428 a
332 1374 405 1428 Hatt
423 1371 481 1426 sein
502 1387 571 1438 weg.

297 1461 315 1512 b
334 1459 374 1513 ist
392 1459 434 1514 als
452 1459 500 1512 ein
513 1457 611 1514 diener
623 1455 682 1509 sein
697 1457 789 1509 vetter
802 1453 1027 1522 eingeschribon,
1047 1453 1105 1507 und
1118 1452 1212 1508 haben
1226 1451 1269 1507 die
1282 1452 1358 1506 landt-

226 1544 562 1614 sehraybereyverwsiter
579 1543 636 1603 jrne
655 1541 767 1610 jerliehs
787 1541 835 1595 der
855 1543 905 1596 100
924 1541 1029 1611 guidon
1051 1559 1084 1594 au
1103 1540 1239 1596 beaulieu.

770 1773 832 1826 162.

537 1893 661 1978 Verger
684 1913 724 1956 au
749 1890 868 1976 herzog
891 1889 1075 1974 Christopb.

562 2023 713 2096 Tubingen
735 2026 751 2079 ι’)
774 2022 944 2094 September
968 2025 1052 2080 1562.

305 2141 479 2202 Wiederbolt
504 2143 556 2194 den
586 2140 678 2195 iuhnlt
704 2157 757 2194 rou
777 2159 803 2194 n.
826 2141 890 2202 ldl,
920 2141 956 2195 da
981 2158 1011 2196 er
1036 2141 1130 2196 diesen
1156 2142 1231 2196 briei
1253 2140 1359 2195 veriores

231 2237 339 2309 glaubt.

306 2335 504 2396 illustrissime
524 2315 665 2409 Princeps
686 2342 716 2393 11
739 2336 859 2394 llomine
883 2336 1005 2394 Domine
1028 2336 1274 2396 Olemeutissime!

308 2440 378 2498 Cum
405 2445 472 2502 ante
503 2439 555 2496 XV
585 2438 646 2496 dics
677 2454 712 2494 ex
734 2435 866 2495 Thermis
887 2436 953 2513 (per
979 2439 1032 2496 Dei
1060 2437 1197 2514 gratiam)
1219 2436 1360 2501 rediissem,

231 2542 390 2616 lustroque
411 2543 609 2602 Illustrissima
631 2541 780 2599 Celsitudo
802 2547 879 2599 esset
900 2543 928 2600 in
950 2541 1009 2600 suis
1031 2542 1245 2612 venationibus,
1276 2539 1361 2610 scripsi

229 2647 266 2706 ad
287 2663 365 2718 eam,
386 2647 503 2705 mittens
524 2646 637 2704 litteras
658 2661 710 2716 per
730 2645 889 2718 quendam;
911 2645 940 2702 in
961 2663 1079 2714 summa,
1101 2663 1167 2704 1111
1189 2645 1361 2704 subdubitem.

231 2767 297 2810 num
318 2750 424 2810 luerint
446 2749 584 2820 redditae,
617 2758 718 2822 repeto
740 2749 851 2825 (paucis
872 2748 992 2824 additis)
1020 2767 1083 2824 quae
1112 2758 1180 2807 tuno
1201 2739 1361 2823 scripseram.

230 2854 406 2928 Scripseram
421 2861 526 2925 autem,
548 2853 735 2913 mediocriter
755 2869 800 2912 me
821 2853 937 2926 habere,
960 2870 1024 2912 eum
1044 2861 1140 2912 tamen
1162 2854 1311 2927 diligenter
1329 2851 1362 2909 la·

233 2959 338 3028 verim,
364 2958 416 3016 sed
438 2974 536 3029 parum
558 2974 603 3016 me
626 2975 688 3014 esse
710 2957 864 3015 sollicitum
884 2956 920 3015 de
944 2958 1106 3015 ualetudine
1128 2960 1272 3030 emperie,
1297 2957 1361 3014 dum·

232 3061 316 3120 modo
343 3063 439 3135 gratia
466 3069 496 3120 et
522 3061 604 3120 levor
624 3062 729 3123 domini
760 3064 851 3120 nostri
873 3063 944 3122 Jesu
966 3062 1073 3122 Christi
1100 3079 1145 3121 me
1174 3077 1232 3122 non
1256 3063 1361 3122 deserat.

232 3165 417 3238 Scripseram,
441 3167 517 3238 quod
532 3165 662 3224 'lberrnee
682 3183 726 3223 me
748 3165 956 3238 exhausissent,
979 3184 1034 3223 non
1057 3173 1152 3229 tamen
1169 3168 1300 3226 auderem
1314 3181 1361 3222 mo·

234 3270 323 3328 lestus
346 3287 408 3328 esse
430 3279 459 3327 et
481 3283 591 3344 perere,
613 3279 658 3342 ut,
680 3289 744 3344 quee
765 3271 834 3328 milri
856 3270 972 3330 luerunt
991 3287 1044 3344 pro
1065 3271 1271 3331 illustrissimae
1289 3269 1361 3329 Celsi·

224 3373 341 3436 rodinis
355 3375 467 3432 Vestrae
481 3376 635 3434 elementia
655 3376 826 3454 condonata,
842 3393 904 3433 oum
926 3377 1056 3448 proximo
1076 3391 1152 3434 anno
1174 3376 1292 3434 thermis
1310 3388 1362 3434 usus
1407 3375 1408 3398 ¹

232 3478 369 3550 fuissem,
401 3480 634 3538 condonarentur
660 3497 735 3538 1111
756 3496 888 3554 quoque,
919 3480 970 3539 sed
999 3480 1074 3553 quod
1102 3482 1216 3540 coelesti
1236 3480 1360 3540 Patrime

232 3582 476 3654 commendassem
497 3584 676 3657 scripseram,
698 3591 730 3642 11
743 3584 912 3656 dignaretur
922 3583 1070 3644 Celsitudo
1087 3584 1192 3644 Vestra
1209 3585 1359 3648 meminisse,
1406 3627 1407 3656 ,

233 3686 302 3761 quid
323 3704 376 3761 pro
397 3705 460 3748 meo
483 3700 587 3760 nepote
616 3689 735 3747 duetore
757 3689 877 3747 Aurelio
897 3689 1039 3761 Meninge
1059 3689 1239 3762 promisisset
1258 3689 1292 3748 de
1310 3702 1359 3745 ceu·
1406 3675 1407 3690 ¹

233 3799 293 3850 tum
314 3793 424 3852 scilieet
445 3792 562 3852 florenis
583 3793 805 3866 constituendis;
829 3795 999 3867 scripseram
1022 3793 1162 3866 denique,
1185 3812 1230 3852 me
1250 3799 1358 3865 paratum

233 3913 305 3964 esse,
326 3913 433 3956 morem
455 3913 559 3970 gerere
580 3904 610 3956 et
630 3897 757 3966 obedire,
780 3915 842 3957 eum
864 3898 914 3956 illa
927 3897 996 3956 mihi
1012 3915 1065 3972 per
1080 3897 1195 3956 litteras
1209 3897 1357 3957 mandasset

233 4017 269 4060 ne
290 4000 408 4076 quidde
423 4002 541 4061 doctore
553 4003 696 4062 Sealiclrio
709 4002 872 4074 scriberem,
894 4003 1091 4078 supplicabam
1105 4008 1211 4076 tamen,
1232 4009 1262 4062 ut
1276 4001 1356 4071 digna·

232 4111 313 4164 retur
333 4105 565 4166 informationem
586 4106 631 4181 (ut
651 4107 893 4181 sapientissimum
913 4113 1002 4182 atque
1020 4109 1211 4181 justissimum
1223 4106 1353 4182 principem

233 4192 329 4286 decet)
349 4200 442 4270 meam
463 4211 573 4280 audire,
595 4228 678 4285 quam
698 4211 867 4283 propediem
886 4214 1032 4271 mitterem
1047 4217 1099 4272 aut
1112 4211 1351 4282 afferremegomet

803 4334 818 4367 *

307 4427 318 4479 1
339 4425 365 4476 S.
389 4442 415 4477 n.
439 4425 496 4480 158.
