2862 5080
90 383 149 441 1564
586 401 593 418 “
615 391 677 453 lod

83 559 193 634 reliquis
222 576 276 634 ego
309 575 422 635 quoqne
451 560 555 622 vellem
576 561 722 622 accedere.
766 559 883 620 Nullum
905 559 989 620 video
1009 563 1125 620 exstare
1145 561 1231 634 peri·

82 665 168 723 culum
186 670 306 740 propter
327 663 536 740 protectionem
556 681 609 724 nec
630 664 697 722 vitee
717 678 811 738 neque
837 663 956 736 animm,
984 677 1099 736 possum
1123 661 1221 722 autern

81 769 275 843 aliquomodo
294 769 435 843 proficere
457 769 495 846 (si
516 770 596 828 Dens
617 767 719 844 vellet)
740 768 780 840 id,
801 767 878 842 qnod
898 765 992 836 fieret,
1012 767 1110 840 paneis
1130 767 1219 840 septi-

80 875 174 949 manin
196 893 282 950 spero
302 875 418 950 inquam
438 874 564 950 aliquem
584 872 726 946 lnrotnm,
748 873 772 931 si
793 872 977 944 accederem,
999 877 1029 931 at
1048 877 1116 946 peto
1137 885 1219 930 revo-

79 986 184 1050 renter,
206 987 238 1040 ut
258 981 345 1040 liceat
364 979 394 1040 id
415 981 483 1038 mibi
503 997 556 1054 per
576 979 800 1038 illustrissimam
822 977 1055 1037 Dominationem
1075 977 1218 1050 Vestram,

78 1085 179 1144 nullum
199 1086 283 1145 video
304 1083 532 1156 incommodum,
564 1088 594 1142 et
622 1099 686 1156 spes
715 1082 831 1157 quidem
858 1082 997 1142 commodi
1022 1098 1079 1142 non
1099 1081 1218 1140 minima

77 1196 196 1263 apparet.
230 1191 294 1252 Non
307 1207 420 1265 possem
441 1190 599 1258 discedere,
620 1189 675 1248 nisi
695 1203 786 1262 prope
806 1187 912 1248 testum
931 1189 1083 1262 paschatis,
1104 1189 1218 1248 interea

76 1300 181 1368 tempus
201 1294 382 1368 mitigabitur
402 1299 433 1353 et
453 1293 601 1354 conficiam
622 1294 754 1368 quaedam
774 1309 839 1353 mea
859 1293 992 1368 negotia,
1016 1293 1099 1354 valeo
1120 1298 1217 1352 antem

75 1400 262 1461 mediocriter.
291 1402 357 1460 Non
378 1399 433 1460 luit
452 1401 552 1474 visum,
574 1403 702 1474 cogitare
724 1400 760 1460 de
782 1399 965 1471 discedendo,
986 1399 1041 1458 nisi
1061 1400 1217 1472 impetrata

74 1505 184 1565 licentia
203 1506 409 1566 Illustrissinrae
430 1505 616 1566 Celsitndinis
636 1507 757 1578 Vestrra
778 1524 796 1565 a
816 1522 873 1580 qua
892 1509 1064 1564 reverenter
1082 1511 1150 1579 peto
1171 1509 1214 1564 at·

75 1622 124 1683 qne
144 1611 234 1684 iusto,
263 1618 296 1670 ut
314 1611 384 1670 mibi
405 1611 493 1670 eundi
514 1613 598 1670 venia
623 1610 806 1670 concedatur.
848 1610 922 1670 Sunt
949 1613 979 1669 et
1005 1610 1062 1669 alia
1087 1611 1214 1682 negotia,

73 1731 130 1789 que
150 1714 337 1788 conficerem,
366 1718 389 1775 si
410 1715 490 1778 Dens
511 1716 648 1789 voluerit3
678 1723 723 1777 eet
744 1717 820 1776 enim
840 1707 957 1776 snecta
981 1719 1012 1774 et
1032 1714 1119 1775 Coria
1146 1731 1214 1776 con·

69 1820 260 1892 iunctissime.
302 1821 477 1881 Commendo
504 1839 549 1881 me
577 1827 759 1893 reverenter,
788 1837 839 1880 oro
860 1819 976 1880 Patrem
996 1821 1160 1891 coelestem,
1181 1825 1213 1879 ut

71 1922 323 1984 Excellentissimae
343 1926 539 1986 Dominationi
559 1926 672 1986 Vestrae
693 1933 800 2000 augeat
820 1943 871 1984 sna
891 1925 1030 1998 preclara
1050 1923 1133 1996 dona,
1154 1923 1212 1998 spi-

71 2026 151 2087 ritum
172 2034 203 2087 et
225 2027 312 2087 fidem
331 2044 384 2103 per
405 2029 550 2090 Christum
570 2030 875 2116 dominnmnostrnm.
916 2031 1018 2088 Amen.

141 2134 283 2207 Tubingae
304 2134 351 2193 die
372 2135 499 2194 secunda
519 2135 618 2196 Martii
639 2137 722 2194 1564.

365 2237 572 2300 illustrissime
593 2239 779 2300 (lelsitudinis
798 2239 910 2298 vestre

820 2345 945 2404 servitor
963 2342 1129 2417 largerius.

605 2599 669 2658 197.

366 2715 490 2804 Verger
513 2739 556 2784 au
578 2718 697 2805 herzog
719 2716 904 2803 Christopb.

432 2847 583 2921 Tdbingen
604 2851 623 2907 8
643 2849 725 2908 Mitrz
748 2851 834 2908 1564.

128 2965 326 3022 Nachrichten
343 2969 413 3025 iiber
432 2968 610 3026 Maximilian
628 2969 657 3024 Il
674 2971 733 3024 und
751 2971 805 3026 den
822 2973 915 3042 papst.

132 3061 333 3125 illustrissime
355 3067 492 3142 Princeps
513 3075 543 3128 et
564 3069 686 3129 Domine
707 3069 828 3128 Domine
850 3067 1092 3128 clementissime!

132 3167 272 3227 Nondum
291 3169 373 3241 potui
393 3171 545 3244 pecuniam
566 3173 681 3230 mittere
709 3171 746 3230 ad
767 3171 794 3232 d.
816 3172 947 3232 comitem
968 3171 1205 3244 Martiuengum¹

61 3275 88 3328 et
106 3270 274 3346 significare
295 3289 338 3344 ea,
360 3289 424 3348 quae
445 3279 513 3333 sunt
532 3273 728 3347 significanda,
748 3289 841 3346 spero,
862 3290 908 3334 me
922 3273 1089 3348 propediem
1110 3290 1204 3348 posse.

133 3374 253 3448 Scripsi,
274 3377 395 3434 tractari
405 3375 565 3436 Mediolani
580 3376 615 3436 de
627 3377 784 3451 Hispanico
796 3377 982 3453 inquisitione
993 3376 1203 3452 importanda¹,

60 3495 118 3550 puae
138 3495 187 3538 res
208 3481 333 3539 maxime
353 3480 560 3554 rempublicam
579 3481 657 3540 illam
677 3482 837 3542 conturbat.
878 3483 963 3542 Nunc
985 3484 1076 3557 addo;
1102 3501 1138 3544 ex
1156 3483 1205 3544 lit·

59 3585 123 3642 teris
143 3585 284 3644 Romanis
304 3587 443 3659 scriptum
463 3585 561 3670 inisse,
582 3587 795 3647 serenissimum
809 3588 1035 3648 Maximilianum
1056 3591 1142 3647 misso
1162 3590 1204 3648 le·

59 3692 122 3756 gato
142 3689 263 3748 domino
284 3688 395 3750 Joanne
422 3691 459 3750 ab
480 3691 642 3752 Hellestein
669 3695 864 3754 exosculatum
892 3694 980 3754 inisse
1005 3695 1096 3770 pedes
1115 3695 1203 3770 Papae

57 3804 106 3863 pro
125 3810 202 3853 nove
224 3795 373 3853 creatione
393 3795 422 3854 in
451 3811 573 3871 regnum
592 3799 795 3872 Maximiliani,
822 3800 988 3875 Papamque
1014 3800 1202 3862 libentissime

621 3921 636 3954 *

121 4011 134 4064 l
155 4008 183 4064 S.
202 4028 231 4064 n.
253 4009 312 4064 184.
330 4011 389 4066 203.

120 4097 182 4153 28,
206 4115 235 4152 n.
257 4098 317 4152 196.

120 4183 210 4238 3Die
231 4183 306 4239 wahl
323 4204 386 4240 zum
404 4186 560 4245 rbmischen
580 4189 681 4262 kbnig,
710 4192 829 4248 October
849 4193 916 4249 1562
933 4193 963 4249 in
984 4194 1153 4260 Frankfurt,
1179 4215 1199 4250 s

54 4285 79 4323 n.
98 4272 156 4326 164.
190 4272 227 4326 In
246 4271 396 4335 Buchhola,
415 4275 447 4329 Κ.
467 4275 627 4333 Perdinand
646 4277 707 4356 VII,
727 4281 786 4345 519,
805 4281 894 4337 findet
912 4282 972 4336 sich
990 4282 1039 4336 das
1059 4298 1199 4352 genenera

53 4353 181 4500 dbeihdlite
201 4357 363 4430 huldigung
382 4361 571 4420 Maximillam·
589 4383 639 4421 vor
657 4363 721 4421 dem
739 4369 853 4441 papate,
874 4369 918 4426 ein
938 4367 1046 4426 mutus
1064 4369 1102 4426 ist
1119 4369 1199 4429 nicht

52 4457 103 4498 cru
176 4486 183 4500 .
