2884 5074
749 357 813 418 440
1185 351 1187 354 ·
1288 345 1347 402 rso

203 543 371 605 comparere
391 533 510 590 vocatus
531 528 724 596 recusaverit,
752 525 1015 586 excommunicatus
1036 521 1109 590 init,
1130 522 1236 582 absens
1253 522 1349 596 iamir
1426 487 1427 550 l

203 649 256 710 par
275 633 424 694 biennium
444 631 658 707 propemodum,
681 645 768 690 ansus
789 645 846 688 non
867 633 912 687 est
933 625 979 704 (et
998 626 1116 704 merito)
1136 628 1167 686 in
1182 627 1306 701 patriam
1323 642 1349 685 se

204 743 268 798 tuto
289 735 435 805 conterre,
465 735 519 796 nisi
540 737 640 796 habits
659 735 739 808 prius
759 733 866 794 idonee
886 739 917 792 et
937 729 1091 792 sufficienti
1111 748 1130 791 a
1150 731 1272 792 Venetis
1291 747 1349 790 cau·

205 843 284 903 tione
305 842 343 902 ad
357 859 465 902 annum
482 841 592 914 saltem,
614 857 672 916 quo
684 841 822 914 temporis
836 855 889 898 sua
902 836 1173 910 commodocnmque
1188 853 1351 909 componere

206 951 313 1022 posset,
337 953 370 1006 ut
389 951 490 1021 postea
511 945 685 1006 commodius
705 945 767 1003 sine
788 944 875 1003 ullius
895 943 1061 1016 gravamine
1083 941 1122 1002 ad
1146 943 1211 1014 pius
1236 947 1268 1000 et
1287 941 1351 1001 eiri-

206 1051 316 1111 atiauas
336 1052 474 1112 eeclesias
494 1067 558 1110 sese
583 1051 715 1124 recipere
736 1047 856 1108 valeret.
897 1046 968 1106 Cum
990 1062 1059 1106 vero
1079 1045 1212 1106 omnibus
1234 1045 1353 1120 undique

207 1157 357 1230 perpensis
377 1160 464 1229 atque
485 1154 704 1227 diligentissime
726 1151 915 1214 consideratis
936 1151 1045 1210 nullum
1066 1152 1196 1210 inveniat
1215 1152 1354 1223 potentius

208 1263 239 1318 et
258 1260 349 1334 magis
370 1259 538 1333 expeditum
566 1259 710 1328 medium,
742 1273 828 1332 quam
857 1258 882 1315 si
910 1257 1043 1316 Caesarea
1069 1255 1211 1330 Majeatas
1235 1255 1354 1330 legatum
1429 1309 1430 1314 ,

208 1365 353 1424 Venatum
374 1379 410 1423 ea
429 1363 466 1423 de
485 1379 518 1423 re
539 1363 616 1422 serio
636 1361 885 1435 interpellaverit,
915 1367 947 1420 ut
974 1363 1004 1420 in
1031 1377 1090 1420 snae
1111 1359 1280 1432 Maiestatis
1298 1375 1354 1432 gra·

209 1467 279 1528 tiam
299 1467 369 1528 dieti
384 1467 411 1528 d.
433 1469 537 1526 Veneti
557 1483 609 1541 per
630 1467 740 1526 salvum
760 1467 933 1525 conductum
954 1464 1004 1541 (ut
1024 1464 1140 1542 vocant)
1161 1464 1218 1524 hoc
1238 1461 1355 1524 officium

209 1575 239 1632 in
260 1574 335 1632 hunc
356 1572 382 1632 d.
404 1573 601 1632 Alexandrum
623 1571 659 1632 de
680 1571 816 1632 Trissinis
844 1569 1014 1643 conterant,
1043 1577 1075 1630 ut
1103 1571 1182 1628 intra
1209 1569 1279 1629 anni
1301 1585 1355 1642 spn-

210 1678 281 1737 tium
301 1681 366 1736 tuto
384 1677 415 1735 in
435 1677 530 1750 putria
549 1677 592 1735 illi
614 1678 722 1750 versari
742 1693 847 1752 resque
868 1693 935 1735 suas
954 1691 1128 1748 componere
1151 1691 1203 1747 eo,
1238 1689 1295 1748 quo
1312 1689 1355 1745 po·

211 1781 281 1840 terit
301 1780 386 1839 modo
406 1781 526 1842 meliore
547 1782 641 1841 liceat.
674 1781 748 1854 Quia
761 1797 830 1840 vero
843 1797 900 1840 non
913 1781 968 1854 ipsi
982 1786 1103 1852 tantum,
1125 1779 1248 1839 sevituti
1262 1793 1356 1852 prope·

212 1884 326 1944 modum
348 1883 411 1943 orbi
431 1887 693 1959 perspectissimum
711 1887 771 1958 jam
787 1892 840 1956 est,
862 1891 1001 1958 quantum
1018 1885 1095 1957 apud
1111 1901 1192 1943 suam
1204 1883 1355 1943 Caesaream

211 1989 398 2062 Maiestatem
418 1987 567 2048 Celsitudo
589 1989 692 2048 Vestra
720 1989 917 2048 illustrissima
937 1990 1113 2049 auctoritate
1134 2005 1187 2047 sua
1214 1987 1309 2047 valeat
1332 1993 1357 2045 et
1431 1975 1432 1986 ’

211 2093 317 2168 possit,
338 2097 496 2167 propterea
517 2093 696 2154 confidenter
717 2095 867 2155 constituit
886 2095 923 2154 ad
945 2095 1155 2155 celsitudinem
1174 2095 1310 2152 Vestram
1328 2093 1357 2150 ll·

210 2198 411 2258 lustrissimam
431 2215 462 2258 se
483 2207 654 2259 reverenter
675 2199 807 2260 conferre
829 2209 860 2260 et
880 2201 1044 2274 supplicare
1065 2215 1118 2274 pro
1139 2216 1193 2258 sua
1214 2202 1358 2258 summaet
1432 2273 1433 2280 ἵ

211 2302 375 2362 incredibili
395 2304 424 2361 in
446 2319 544 2363 omnes
559 2304 738 2366 Christianos
759 2304 803 2381 (et
823 2305 973 2380 religionis
994 2299 1109 2364 nominc
1124 2306 1286 2378 presertim
1299 2319 1357 2376 pro·
1432 2281 1433 2294 ³

212 2406 309 2483 fugos)
329 2408 438 2482 pietate
459 2414 546 2483 utque
562 2411 724 2482 clementia,
746 2416 778 2470 ut
792 2410 893 2469 eadem
907 2410 1041 2484 dignetur
1056 2408 1310 2469 commendaticias
1328 2407 1360 2466 ad

213 2528 293 2570 suam
313 2511 499 2586 Majestatem
519 2512 681 2573 Caesaream
703 2512 830 2573 officiose
851 2515 965 2574 litteras
986 2513 1065 2586 dane,
1086 2514 1128 2571 ita
1148 2517 1181 2572 ut
1201 2527 1259 2587 per
1277 2512 1359 2572 Celsi·

213 2615 342 2675 tudinem
362 2616 496 2676 Vestram
516 2617 743 2678 illustrissimam
765 2618 879 2679 Caesare
906 2621 968 2693 ipso
996 2620 1123 2690 petitore
1149 2619 1205 2676 hoe
1226 2633 1358 2676 summum
1433 2605 1434 2624 ¹

213 2719 385 2780 beneficium
405 2721 537 2796 accipiat,
558 2722 635 2798 quod
655 2721 785 2783 fortunas
807 2725 927 2798 ejusque
942 2723 1017 2783 bona
1032 2725 1127 2782 omnia
1140 2724 1171 2780 in
1192 2739 1280 2781 unum
1300 2739 1359 2780 cou-

215 2827 316 2884 ceruit.
1042 2899 1046 2906 ι

292 2929 488 2992 Illustrissime
510 2933 665 3007 Princeps,
698 2935 763 2994 novi
793 2933 915 2993 hominis
943 2936 1082 3006 pietatem
1108 2939 1138 2991 et
1159 2933 1360 3005 integritatem,

214 3032 332 3106 dignum
352 3051 467 3108 revera,
492 3037 521 3094 in
543 3054 628 3110 quem
650 3037 798 3098 Celsitudo
820 3038 924 3097 Vestra
944 3037 1142 3096 illustrissima
1169 3037 1224 3096 hoc
1252 3037 1363 3111 pietatis

215 3135 349 3212 officium,
371 3140 448 3213 quod
467 3139 511 3200 illi
531 3143 633 3200 summi
653 3141 786 3203 beneficii
806 3143 870 3201 loeo
890 3142 1020 3200 futurum
1042 3147 1101 3213 est,
1123 3139 1268 3213 conferat,
1291 3139 1361 3214 qnod

216 3247 247 3301 et
267 3259 321 3315 ego
342 3241 439 3319 (sicuti
460 3261 512 3319 pro
534 3247 664 3306 omnihus
684 3245 819 3306 fidelibus
831 3263 946 3320 semper
958 3245 1056 3306 iacere
1071 3246 1223 3322 consuevi)
1235 3247 1277 3306 ita
1293 3262 1363 3303 nune

215 3361 268 3418 pro
288 3346 342 3406 hoc
361 3350 409 3420 pio
431 3355 460 3407 et
481 3349 556 3409 bono
577 3350 686 3423 fratre,
716 3356 745 3410 iu
772 3369 857 3426 quem
883 3368 997 3424 possum
1023 3351 1139 3409 modurn
1160 3352 1302 3424 majorem
1321 3367 1362 3408 re·

216 3458 352 3511 verenter
373 3459 403 3511 et
427 3457 611 3528 perviscera
639 3458 745 3516 domini
772 3459 863 3517 nostri
884 3457 954 3516 lesu
976 3456 1084 3516 Christi
1104 3456 1244 3529 supplico.
1286 3455 1363 3515 Com·

215 3555 383 3617 mundamus
409 3577 461 3620 nos
488 3569 656 3622 reverenter
677 3561 850 3622 Celsitudini
870 3563 982 3621 Vestrae
1003 3562 1228 3634 illustrissima,
1256 3577 1312 3633 pax
1338 3563 1364 3616 ut

215 3664 310 3735 gratia
330 3662 438 3724 domini
459 3668 551 3726 nostri
571 3667 642 3727 iesu
664 3668 771 3728 Christi
792 3675 898 3744 augeat
918 3668 961 3727 illi
982 3684 1049 3726 snos
1070 3665 1181 3726 divinos
1207 3665 1363 3731 thesauros,

216 3769 347 3838 spiritum
370 3776 400 3829 et
419 3768 505 3829 fidem
526 3772 564 3830 ad
584 3774 706 3845 gloriam
726 3773 849 3832 nominis
869 3773 933 3844 ejus
954 3771 1170 3844 sempiternam.

295 3871 326 3931 Si
346 3875 516 3947 dignaretur
537 3877 686 3939 Celsitudo
707 3879 813 3939 Vestra
832 3877 1030 3938 illustrissima
1056 3877 1206 3949 negotium
1227 3875 1282 3933 hoo
1301 3873 1362 3931 illu·

217 3981 269 4038 stri
299 3979 326 4038 d.
357 3981 503 4041 Ludovieo
529 3981 710 4056 Ungnadio¹
741 3984 825 4044 unico
858 3983 976 4042 verbulo
1007 3979 1228 4051 commendare,
1258 3977 1361 4037 nullum

218 4090 295 4144 esset
315 4085 452 4155 dubium,
483 4088 551 4161 quin
578 4088 657 4148 brevi
687 4093 717 4148 et
744 4090 805 4148 sine
830 4089 912 4162 gravi
932 4092 1048 4160 sumptu
1070 4085 1133 4166 (qni
1153 4081 1360 4143 necessarioin

216 4189 380 4265 hujusmodi
401 4191 634 4272 expeditionibus
653 4191 802 4253 iaciendas
824 4193 897 4268 est),
919 4210 983 4268 quae
1005 4190 1140 4263 voluerit,
1161 4193 1358 4250 consecuturus

786 4317 801 4352 ‘l‘

291 4411 302 4466 1
323 4407 392 4464 Dem
411 4409 481 4464 eohu
500 4426 555 4466 von
574 4410 652 4465 Hane
672 4410 803 4482 Cognati,
822 4429 842 4468 s.
862 4429 889 4466 n.
908 4411 950 4466 30.
