2830 5072
83 327 139 383 156¹
613 333 674 395 293

10 537 11 542 κ
78 503 199 575 nominis,
221 506 271 577 qui
292 501 389 562 favent
411 502 561 575 euangelio
573 501 590 560 ¹.
631 502 722 576 Spero
744 501 859 571 deinde,
880 501 937 560 ista
957 499 1108 560 occasione
1129 517 1217 575 agen·

76 608 136 666 dnm
156 626 218 668 esse
239 609 276 668 de
297 608 450 668 concordia
469 607 621 666 sarcienda
641 608 671 665 in
691 606 815 666 articulo
836 605 872 668 de
893 621 977 666 omna
997 605 1129 677 Domini,
1152 622 1217 681 quae

76 731 157 787 usqne
177 713 251 774 adeo
272 713 422 774 commoda
442 715 547 774 nostris
568 714 698 773 ecelesiis
715 711 814 772 lutura
829 717 915 780 esset,
938 711 1216 784 quamoonoordiam

75 820 96 877 si
114 820 212 890 regina
240 826 270 878 et
297 819 400 892 reliqui
427 819 608 892 potentiores
629 818 774 877 voluerint
790 819 909 890 juvare,
941 814 1032 878 valde,
1047 821 1123 874 esset
1144 815 1216 874 utile

75 923 203 983 laturum.
235 924 269 981 In
289 940 399 982 summa
419 939 565 994 sperarem
587 939 651 997 ego,
672 925 696 980 si
716 925 746 980 in
766 921 861 981 Gallia
881 937 957 980 nune
979 935 1071 979 essem
1092 918 1215 992 iuturus,

74 1042 148 1097 posse
168 1025 415 1098 atiqutuetficerc
436 1026 473 1084 ad
493 1025 608 1084 laudem
629 1024 694 1084 Dei.
738 1025 841 1083 Vestra
862 1023 1011 1084 Celsitndo
1038 1039 1101 1084 oum
1125 1041 1216 1096 nuper

74 1137 143 1189 esset
163 1130 303 1204 Fulinga,
325 1130 443 1204 dignata
463 1137 507 1188 est
528 1129 597 1188 mihi
618 1129 715 1188 dicere
742 1128 779 1204 (si
801 1145 855 1187 non
879 1130 953 1189 male
971 1129 1117 1205 intellexi)
1138 1129 1215 1202 quod

74 1235 161 1294 trullus
181 1235 332 1296 rideretur
352 1235 390 1293 ad
410 1251 459 1294 eas
480 1251 526 1293 res
548 1235 714 1294 tractandas
735 1233 811 1306 apud
832 1237 962 1309 reginam
983 1234 1073 1306 magis
1093 1233 1215 1292 idoneus

74 1338 143 1412 (qnae
163 1337 270 1396 Vestra
290 1331 345 1396 'fuit
366 1338 530 1414 elementia)
552 1353 636 1410 quam
658 1355 721 1410 ego.

144 1443 326 1502 Reuereuter
356 1441 490 1516 exposui,
515 1458 579 1515 quae
606 1441 674 1498 mihi
696 1439 822 1514 Spiritus
842 1446 959 1498 sanctus
980 1441 1027 1514 (ut
1047 1440 1120 1516 dixi)
1148 1457 1215 1516 sug-

73 1548 163 1619 gessit.
212 1547 298 1606 11111
326 1547 430 1606 Vestra
458 1545 605 1605 Celsitudo
637 1551 764 1606 statuat.
797 1545 873 1618 qnod
900 1544 1043 1618 voluerit,
1075 1545 1215 1620 quidquid

73 1653 141 1709 enim
162 1653 310 1722 statuerit,
332 1650 464 1724 laudabo,
487 1657 621 1726 tanquam
642 1651 789 1709 consilium
811 1649 937 1723 Spiritus
957 1651 1058 1709 suncti.

145 1757 273 1815 Paratus
293 1757 379 1829 plane
394 1773 464 1826 sum,
487 1761 611 1829 quatuor
623 1755 716 1814 habeo
730 1771 828 1828 equos,
850 1753 985 1814 ducerem
1003 1771 1123 1827 mecum,
1145 1760 1215 1828 quot

74 1877 138 1934 opus
159 1859 268 1932 luerit,
301 1877 414 1932 possum
440 1859 537 1918 statim
564 1857 757 1918 conscendere
785 1857 837 1915 huc
863 1858 926 1928 ipsa
951 1857 1031 1915 hora.
1073 1855 1157 1929 Quod
1177 1855 1215 1914 ad

72 1965 263 2024 valetudinem
288 1966 413 2038 attinet,
444 1965 501 2022 lari
527 1967 565 2023 50
592 1963 670 2022 horis
692 1962 862 2036 etamplius
884 1968 912 2020 et
934 1962 1097 2020 stomachus
1117 1977 1153 2018 ex
1173 1961 1214 2018 la·

70 2071 180 2128 ratione
202 2069 388 2145 (quamquam
408 2071 497 2143 magis
518 2085 554 2128 ex
575 2068 736 2144 potatione)
758 2067 860 2128 melius
881 2065 982 2140 incipit
994 2065 1108 2125 hahere·
1117 2081 1215 2139 spera-

69 2190 181 2249 remque
203 2191 249 2232 me
269 2189 354 2246 posse
375 2173 488 2232 labores
507 2173 621 2232 itineris
642 2175 785 2232 sustinere
805 2189 869 2232 cum
890 2171 945 2230 Dei
965 2172 1082 2231 anxilio.

143 2281 290 2353 Quantum
318 2281 424 2338 attinet
452 2279 488 2338 ad
516 2279 692 2338 cardinalem
713 2277 864 2337 Mantuae'
895 2283 925 2336 et
955 2277 982 2336 d.
1004 2277 1179 2350 Delphinum
1193 2275 1212 2346 ¹,

69 2387 114 2457 qui
133 2403 178 2444 me
200 2386 309 2444 vellent
330 2385 374 2460 (et
394 2383 524 2444 fortassis
545 2383 672 2462 fingunt]
691 2383 864 2442 Tridentum
884 2381 1065 2458 pertrahere,
1086 2381 1216 2454 suspicor

68 2486 129 2546 illos
149 2493 202 2546 aut
223 2505 268 2546 me
289 2505 345 2546 non
367 2493 534 2558 vocaturos,
562 2493 612 2546 aut
633 2489 656 2546 si
678 2486 762 2546 modo
784 2489 963 2560 vocaverint,
989 2503 1034 2546 me
1055 2485 1127 2544 nihil
1146 2501 1214 2559 pro-

68 2589 206 2651 iectorum
228 2610 291 2651 cum
313 2592 473 2650 hominibus
493 2592 735 2664 arrogantissimis
763 2598 792 2650 et
818 2609 920 2664 magna
949 2592 1064 2651 interim
1083 2591 1214 2666 pericula

69 2697 225 2756 subiturum
254 2697 314 2756 illic
342 2697 446 2774 (prope
467 2698 581 2756 ltaliam
608 2697 720 2774 ipsam).
761 2698 893 2756 ‘tridenti
921 2713 1035 2770 semper
1065 2697 1108 2772 (et
1138 2713 1214 2756 nunc

70 2801 241 2875 prasertim)
272 2808 339 2860 sunt
366 2801 590 2860 innumerabiles
618 2801 693 2860 Itali.
739 2802 822 2862 Nunc
852 2803 957 2861 iterum
984 2803 1065 2873 dico,
1096 2801 1215 2860 mandet

70 2905 170 2965 Vestra
190 2907 390 2965 illustrissima
412 2904 569 2977 Celsitudo,
592 2905 731 2978 quidquid
752 2905 875 2978 Spiritus
900 2912 1017 2964 sanctus
1037 2907 1215 2979 suggesserit

68 3010 122 3083 illi,
146 3018 176 3070 et
196 3012 363 3070 mandatum
384 3027 502 3084 sequar,
532 3017 564 3068 ut
583 3025 628 3070 mc
649 3011 742 3070 decet.
784 3007 888 3081 Stabn,
910 3010 933 3067 si
950 3009 1084 3083 jusserit,
1106 3009 1167 3082 ibo,
1189 3011 1214 3069 si

65 3117 196 3188 jusserit,
219 3123 270 3176 aut
290 3133 366 3174 nunc
387 3122 436 3175 aut
457 3116 571 3188 quando
592 3115 725 3174 uoluerit.
768 3115 822 3173 Vix
845 3133 960 3190 possum
981 3121 1116 3188 nepotem
1137 3131 1214 3175 nuno

68 3238 148 3280 ame
169 3222 311 3294 dividere,
332 3228 393 3304 tum
414 3227 535 3294 propter
555 3223 613 3280 alia
634 3221 773 3294 quaedam,
795 3227 856 3280 tum
877 3236 961 3292 vero,
990 3220 1066 3294 quod
1087 3220 1213 3280 nondum

68 3328 150 3396 plane
170 3327 344 3386 absolverim
364 3326 478 3393 librum,
500 3341 585 3398 quem
605 3324 684 3384 soleo
705 3324 816 3382 dictare
836 3325 899 3396 ipso
920 3323 1092 3395 excipiente.
1123 3323 1213 3383 Diffe-

69 3447 126 3488 ram
147 3431 182 3488 ad
204 3431 289 3488 aliam
320 3430 516 3500 occasionem,
549 3445 605 3502 qua
631 3427 713 3485 illum
740 3429 827 3486 liccat
854 3429 883 3486 in
909 3427 1031 3488 Galliam
1057 3427 1213 3488 dimittere.

70 3535 276 3609 Argumentum
297 3533 372 3606 libri,
394 3549 478 3608 quem
499 3549 559 3604 prce
580 3533 712 3591 manibus
733 3531 841 3603 habeo,
864 3538 922 3604 est,
952 3533 1029 3606 quod
1049 3550 1106 3596 non
1127 3535 1212 3594 modo

70 3643 277 3701 recusationem
298 3639 412 3699 concilii
433 3636 620 3708 Mantuani⁴,
649 3638 700 3695 sed
726 3639 821 3696 omnia
842 3639 945 3712 etiam,
970 3657 1035 3714 quae
1059 3657 1141 3714 papae
1160 3656 1214 3714 per

629 3761 645 3795 ’l‘

134 3861 151 3913 ·1
170 3858 355 3920 Umbehannt,
374 3862 442 3912 wen‘
455 3856 561 3925 Verger
579 3855 669 3910 demit
687 3856 784 3910 meiat.

138 3947 153 3999 2
170 3946 196 4001 S.
216 3965 244 4001 n.
263 3945 306 4000 88.

137 4034 151 4086 3
170 4033 197 4087 S.
215 4053 242 4088 1.
263 4034 321 4088 110.

138 4123 153 4175 l
170 4122 196 4177 S.
215 4141 241 4176 n.
262 4122 319 4178 126.
358 4122 389 4175 11
408 4123 502 4192 Serap.
521 4139 541 4174 s.
561 4123 603 4176 92.
623 4139 650 4174 1.
671 4122 720 4176 106
739 4121 809 4175 wird
826 4119 889 4176 eine
907 4119 1006 4174 schrift
1025 4111 1144 4188 Vergors
1162 4137 1211 4174 an·

74 4207 192 4277 geilihrt:
212 4208 413 4278 Comparation
431 4207 486 4264 tral
507 4208 626 4264 concilio
639 4208 792 4264 Basiliense
811 4227 826 4262 e
844 4209 864 4262 il
878 4205 1050 4263 Tridentino.
1080 4207 1137 4260 Aus
1150 4207 1212 4262 dem

74 4293 128 4348 bad
144 4297 171 4350 in
190 4297 359 4366 Go'ppingen
377 4297 410 4352 21
430 4297 491 4352 Oot.
513 4298 588 4362 1561,
613 4297 759 4352 vielleioht
782 4296 820 4350 ist
840 4295 898 4350 dies
916 4295 962 4349 die
981 4293 1041 4351 hier
1060 4292 1212 4359 erwtthnte,

74 4380 128 4450 vgl.
146 4385 215 4440 anch
232 4384 273 4440 br.
294 4403 320 4440 n.
343 4385 398 4440 130.
422 4384 479 4440 131.
495 4385 558 4440 132.
581 4384 637 4439 134.
659 4385 717 4440 135.
738 4384 796 4440 111.
819 4384 876 4442 142.
