2910 5080
763 343 805 406 60
1300 335 1359 392 1553

214 517 328 579 Dilecto
358 515 418 577 filio
448 517 587 592 magisne
613 515 706 576 Paulo
732 513 889 574 Odsscalco
919 513 1026 574 clerica
1053 513 1187 576 (lcmsnsi
1213 514 1360 588 utriusque

205 621 286 702 ‘juris
306 621 428 692 doctori,
456 623 569 682 nonno
597 625 627 682 st
651 621 680 678 in
701 624 764 680 tcto
791 619 917 678 dominic
938 617 1106 687 Rhaetcrum
1132 621 1359 678 nuntio'ncstro.

213 725 328 786 Dilecta
348 725 389 786 fili
410 726 541 786 salutem.
564 724 635 786 Gum
650 725 725 784 sicut
741 721 822 784 uobis
840 739 932 798 nuper
951 724 1087 796 innotuit,
1108 722 1241 784 nonnulli
1261 723 1360 798 iniqui·

214 831 284 890 tatis
303 828 356 890 filii
376 829 534 902 instigante
553 828 672 888 humani
690 827 807 901 generis
828 826 926 900 hosts,
948 826 1063 888 diversa
1083 825 1277 903 perversaque
1299 827 1361 902 dog·

214 938 292 994 mata
319 941 350 994 st
368 934 641 1009 pravnssopiniones
668 949 702 994 ao
723 933 818 994 varias
840 930 965 992 haereses
986 933 1023 993 fin
1051 932 1177 994 dominio
1197 932 1361 994 Rhaetorun

199 1021 404 1098 'dissenennre
425 1044 455 1098 et
475 1037 635 1112 praedicare
656 1053 690 1098 ae
710 1035 818 1096 Christi
845 1031 946 1096 fideles
973 1052 991 1094 a
1018 1037 1128 1112 pietate
1150 1037 1319 1097 Christiana
1335 1041 1363 1096 st

214 1148 321 1202 sanctae
349 1144 449 1215 matris
476 1141 612 1206 Romanae
626 1139 768 1202 ccclesias
796 1139 949 1216 deuotione
981 1147 1011 1200 et
1038 1140 1206 1202 obedientia
1232 1147 1362 1209 avertere
1441 1140 1443 1161 ³

215 1246 391 1308 contendant
412 1251 442 1306 st
462 1251 611 1318 conentur,
632 1245 693 1304 Nos
707 1245 887 1317 impietatem
901 1244 1065 1318 hujusmodi
1078 1251 1212 1308 avertere
1225 1247 1362 1313 volentes,

216 1357 246 1408 ts
267 1352 315 1425 qni
327 1351 413 1410 stiam
434 1349 597 1412 litterarum
608 1349 829 1424 apostolicarum
850 1350 968 1424 maioris
989 1355 1020 1408 st
1039 1348 1158 1410 minoris
1170 1350 1295 1424 justitiae
1306 1366 1362 1410 cor-

214 1461 312 1516 rector
332 1461 362 1515 st
381 1455 411 1514 in
432 1460 555 1529 utraque
577 1457 725 1529 signatura
744 1461 844 1516 nostra
864 1453 1080 1516 referendarius
1096 1455 1206 1524 existis,
1227 1455 1362 1528 cujusque

163 1577 165 1580 ·
215 1559 379 1620 litterarum
401 1559 548 1620 scientium
571 1567 602 1622 st
622 1559 805 1633 prudentiam
831 1576 864 1646 nc
891 1561 920 1619 in
942 1559 1034 1636 Deum
1054 1561 1195 1633 pietatem
1216 1561 1305 1620 etiarn
1324 1557 1362 1618 i·

215 1663 320 1723 miliari
341 1666 520 1738 experientia
540 1670 723 1738 perspectam
744 1664 890 1736 habemus,
911 1670 1040 1744 nostrum
1061 1671 1091 1724 et
1105 1665 1271 1738 apostolicae
1289 1663 1362 1724 sedis

217 1769 347 1828 nuntium
366 1767 405 1828 sd
426 1773 519 1828 totum
548 1767 704 1828 dominium
731 1767 895 1840 hujusmodi
922 1784 975 1842 per
1000 1773 1159 1842 praesentes
1187 1767 1362 1828 destinamus

220 1873 329 1946 tibique
351 1871 471 1948 verbnm
491 1873 547 1932 Dei
574 1874 604 1932 in
630 1871 688 1932 illia
715 1872 845 1944 partibus
865 1887 917 1944 per
937 1870 1042 1946 probos
1063 1879 1093 1932 et
1113 1872 1269 1932 catholicos
1290 1874 1362 1931 viros

220 1983 278 2050 tam
307 1977 453 2037 seculares
473 1991 566 2052 ‚quam
593 1977 725 2050 cujusvis
748 1975 856 2036 ordinis
877 1977 1025 2050 regulares
1045 1976 1204 2051 praedicare
1226 1982 1257 2036 st
1276 1977 1362 2036 dissc-
1438 1950 1442 1959 Ι

219 2085 329 2144 minare
358 2081 485 2142 faciendi
516 2088 545 2142 st
574 2082 696 2156 populos
727 2082 884 2142 earundem
914 2083 1040 2154 partium
1070 2081 1107 2142 ad
1133 2097 1231 2142 veram
1260 2081 1364 2155 Christi
1440 2097 1441 2174 t

216 2185 309 2256 fidem.
324 2190 354 2246 st
374 2187 513 2260 pietatem
528 2183 699 2257 aedificandi,
720 2200 773 2246 nec
793 2201 850 2244 neu
872 2200 1056 2260 quoscunque
1077 2185 1113 2244 ds
1126 2184 1184 2246 fide
1205 2186 1281 2246 male
1303 2202 1363 2246 sen·

216 2293 323 2352 tientes
343 2281 394 2350 ant
415 2291 451 2350 de
471 2291 523 2352 illa
543 2289 758 2365 quomodolibet
778 2295 926 2364 suspectos
946 2291 1119 2365 inquirendi,
1141 2296 1171 2350 st
1191 2301 1362 2364 conusens,
1443 2331 1444 2334 =

217 2403 302 2472 prout
321 2400 396 2472 juris
416 2395 505 2456 tuerit
524 2395 700 2470 procedendi
727 2411 761 2456 ec
785 2397 870 2470 justa
890 2399 1041 2480 canonicas
1062 2399 1225 2458 sanctiones
1246 2397 1364 2458 carceri·

218 2503 271 2562 bns
292 2501 474 2586 mancipandi
495 2507 525 2561 st
550 2503 678 2574 rigoroso
707 2503 830 2560 examini
859 2508 888 2560 st
918 2507 1039 2561 torturas
1064 2499 1238 2575 subjiciendi
1265 2507 1295 2562 st
1318 2503 1363 2576 qni

218 2608 390 2681 resipiscere
412 2611 442 2666 st
462 2606 499 2666 ad
520 2607 660 2682 gremium
682 2605 810 2678 ejusdem
832 2587 963 2666 ecclesias
983 2602 1087 2668 ¹redire
1108 2607 1253 2666 volueriut
1273 2605 1363 2682 (dum
1443 2667 1444 2670 ,

219 2711 304 2772 modo
325 2711 432 2788 relapsi
454 2727 511 2772 non
531 2710 601 2787 sint)
622 2727 639 2768 a
659 2709 805 2784 quibusvis
827 2725 927 2769 eorum
948 2709 1107 2770 haeresibus
1119 2716 1158 2774 »ct
1177 2709 1277 2770 infide
1292 2727 1362 2785 prae·

216 2817 294 2877 dicta
315 2795 463 2876 erroribus
484 2815 542 2874 illis
559 2815 642 2890 prius
657 2803 720 2889 'per
741 2831 790 2876 sos
810 2815 924 2890 publice
946 2816 991 2874 vel
1012 2816 1124 2874 occulte
1143 2821 1231 2888 prout
1251 2815 1304 2874 tibi
1323 2815 1361 2874 vi·
1442 2809 1444 2856 ἶ

217 2921 332 2982 debitur
352 2919 493 2994 abieratis
515 2925 544 2979 st
564 2920 701 2994 injunctis
721 2919 788 2996 inde
810 2920 864 2979 sibi
885 2937 937 2992 pro
963 2920 1048 2980 modo
1075 2921 1167 2994 cnlpae
1193 2919 1363 2996 poenitentia

216 3026 335 3086 salutari
357 3031 386 3104 st
406 3025 471 3084 aliis
491 3041 555 3096 quse
572 3025 641 3098 jure
661 3022 771 3084 fuerint
790 3005 968 3098 injungenda
994 3025 1082 3086 stiam
1109 3026 1139 3088 in
1155 3030 1283 3100 utroque
1302 3024 1362 3084 foro

216 3130 384 3193 absolvendi
406 3135 436 3189 st
456 3130 599 3190 liberandi
620 3147 654 3189 ac
675 3129 780 3214 unitati
800 3131 888 3202 ipsius
902 3129 1031 3190 ecclesiae
1048 3135 1078 3190 st
1088 3129 1282 3190 communioni
1294 3129 1362 3188 iide-

218 3236 289 3294 linm
309 3235 497 3308 restituendi,
528 3250 582 3294 nec
598 3245 654 3295 non
677 3235 725 3308 qui
746 3235 833 3294 cordo
854 3233 989 3294 indurato
1009 3235 1038 3294 in
1059 3233 1221 3294 haeresibus
1238 3241 1268 3294 et
1288 3249 1361 3294 erro-

217 3339 303 3399 ribus'
317 3341 375 3398 suis
396 3339 662 3414 perseveraverint,
691 3347 720 3398 et
746 3355 933 3414 quoscunque
963 3353 1063 3415 eornm
1092 3345 1289 3414 receptatores
1314 3341 1363 3396 aut

217 3443 347 3504 fautores
368 3444 473 3504 debitis
494 3446 588 3516 poenis
609 3447 682 3505 etsi
704 3445 847 3502 canonicae
869 3445 1030 3503 sanctiones
1057 3443 1088 3502 id
1110 3443 1254 3516 exigerint
1272 3427 1361 3502 ¹stiam

216 3549 356 3623 supplicio
377 3546 453 3610 affici
475 3545 608 3622 faciendi,
632 3531 687 3608 nec
707 3565 765 3608 non
786 3551 882 3607 cinnia
903 3555 933 3608 st
950 3549 1063 3620 singula
1076 3548 1293 3622 inquisitoribus
1305 3547 1360 3605 ha·

216 3655 314 3712 retices
335 3654 486 3727 pravitatis
514 3669 531 3710 a
555 3655 621 3727 jure
650 3655 790 3726 permissa
815 3651 981 3727 exequendi
1013 3659 1043 3712 et
1069 3653 1247 3727 adimplendi
1272 3658 1302 3726 et
1325 3650 1360 3709 ad

217 3755 352 3818 effectum
372 3759 583 3831 premissorum
605 3773 788 3832 quoscunque
810 3757 967 3832 culpabiles
988 3763 1038 3816 aut
1052 3763 1200 3830 suspectos
1214 3737 1360 3828 etiamper

217 3862 341 3922 edictum
361 3862 506 3936 publicum
526 3863 596 3922 locis
616 3862 736 3936 publicis
757 3867 787 3922 et
803 3863 948 3922 consuetis
963 3859 1136 3935 affigendam
1153 3864 1279 3925 constito=
1291 3876 1359 3922 snm·

216 3969 306 4026 marie
328 3973 357 4028 st
376 3965 628 4039 sxtrnjudicelitsr
648 3965 684 4025 ds
705 3981 761 4025 non
782 3971 846 4030 tute
866 3965 904 4026 sd
919 3975 974 4026 'sos
995 3979 1115 4048 accessu·
1131 3949 1239 4027 citandi
1267 3967 1359 4039 sisque

792 4086 806 4118 ss

219 4139 286 4209 digs
305 4139 479 4196 instruktion
493 4100 638 4212 Bullingsr
656 4140 686 4195 in
700 4107 799 4196 Ziirich
817 4139 982 4196 aulsommen
1001 4119 1208 4205 lassensdurch
1227 4141 1280 4195 den
1298 4137 1359 4194 letz-

217 4228 296 4282 tersn
315 4226 416 4283 erhielt
434 4227 473 4283 sis
485 4227 605 4300 Verger3
624 4246 654 4284 er
671 4227 729 4284 lisil
749 4227 872 4284 dissolbe
892 4229 963 4284 auch
982 4229 1125 4284 vermehrt
1143 4228 1267 4284 drncksn
1282 4224 1358 4280 nuber

147 4381 160 4390 ι
218 4313 282 4368 dem
306 4313 389 4370 titel:
426 4315 506 4371 Delle
532 4315 719 4372 commissioni
744 4315 885 4371 eiacultd
906 4315 957 4370 che
975 4317 1054 4386 Papa
1072 4314 1226 4372 ciuilem
1242 4315 1279 4372 ha
1296 4311 1357 4397 dato
1443 4317 1444 4338 ¹

218 4418 236 4454 a
255 4400 294 4456 M.
314 4401 344 4455 Ρ.
364 4402 518 4458 Odsscalco
537 4404 614 4468 1554,
631 4421 652 4458 s.
671 4403 775 4472 Meyer,
796 4404 820 4456 l.
839 4404 887 4459 sl..
916 4402 1012 4474 Sernp.
1031 4420 1052 4456 s.
1071 4403 1113 4468 82,
1131 4401 1219 4461 η.’57.
