2830 5078
1287 361 1340 418 1560

211 533 357 594 Christum
377 535 501 605 sentire,
523 535 671 594 mitterem
692 535 768 593 enim
790 534 880 594 libros
902 542 932 594 et
952 552 997 595 me
1020 543 1197 610 exponerem
1219 507 1351 611 quibusvis¹

211 639 348 712 periculis
368 655 421 711 pro
441 638 535 712 glorie
549 639 603 698 Dei
625 641 690 708 mei,
713 640 809 698 omnia
829 643 934 712 autem,
956 658 1019 715 ques
1040 642 1065 699 is
1085 659 1166 701 meus
1186 642 1257 701 mihi
1274 643 1343 714 signi·

211 741 347 816 ficarerit,
369 733 502 816 efficiam,
525 745 674 803 utstatim
696 743 841 816 intelligat
863 745 1057 804 Illustrisrima
1078 745 1230 806 Oelsitudo
1250 748 1342 820 Vestra,

211 855 244 906 ut
264 849 355 922 possit
375 865 436 906 rem
454 849 567 920 juvere,
589 850 612 906 si
634 865 705 921 opus
725 847 822 909 luerit.

290 952 396 1026 Scripsi
417 958 447 1011 et
467 951 562 1012 adhuc
583 952 691 1026 scribo,
715 970 759 1012 me
780 969 961 1025 summopere
982 960 1099 1027 optare,
1122 955 1217 1014 audiri
1238 957 1273 1014 ab
1290 957 1344 1014 lllu·

211 1059 351 1116 strissima
372 1056 549 1116 celsitudine
569 1055 682 1126 Vestra,
705 1056 727 1112 si
749 1060 872 1114 ventura
892 1060 937 1113 est
956 1056 986 1114 in
1007 1055 1180 1129 Scombaclr‚
1213 1059 1272 1116 illic
1295 1074 1344 1116 eeu

211 1163 392 1234 conveniam
424 1163 467 1220 siu
489 1163 590 1232 minus,
617 1158 816 1232 Stutgardiam
841 1161 963 1218 veniam.
1010 1160 1185 1219 Commendo
1212 1181 1259 1222 me
1279 1179 1344 1220 reve·

213 1274 314 1326 uenter
344 1265 515 1327 Celsitudiai
540 1265 652 1324 Vestrae
679 1265 902 1336 illustrissimae,
931 1265 1020 1323 Peter
1048 1267 1174 1325 coelestis
1194 1273 1298 1340 augeat
1314 1266 1346 1324 illi

212 1388 280 1430 euos
301 1372 412 1430 divinos
438 1371 608 1443 thesauros,
639 1372 773 1444 spiritum
801 1377 831 1430 et
857 1369 942 1430 fidem
968 1387 1021 1444 per
1043 1372 1190 1432 Christum
1219 1374 1345 1432 dominun

212 1482 351 1536 nostrum.

291 1589 429 1663 Tubingae
452 1592 487 1649 15
509 1590 679 1650 Novembris
704 1591 786 1649 1560.

326 1695 531 1755 illustrissimae
553 1694 739 1754 Celsitudinis
759 1695 870 1754 Vestrae
891 1695 1104 1754 addictissimus
1125 1698 1251 1756 servitor

1116 1799 1283 1873 vergerius.

287 1927 349 1982 Von
370 1901 533 1998 Christophs
552 1925 627 1980 hand
647 1925 750 1980 darauf
766 1925 961 1996 gesehrieben:
999 1913 1033 1979 Es
1051 1944 1125 1982 were
1142 1929 1217 1999 gutt,
1236 1928 1285 1982 das
1301 1927 1346 1981 seir

217 2029 303 2082 nepos
330 2013 382 2068 mis
400 2014 454 2068 deu
474 2012 582 2068 weiueu
600 2011 650 2067 bio
669 2013 744 2084 gehn
763 2013 842 2068 Colln
860 2030 933 2068 were
960 2014 1076 2085 galuren
1102 2033 1135 2068 zu
1159 2015 1224 2070 dem
1242 2015 1346 2085 inligen-

216 2101 270 2156 deu
290 2101 513 2156 verceiehnetten
539 2100 700 2165 huuffmau,
729 2101 820 2155 demit
843 2101 888 2156 die
914 2101 1141 2171 rechtgeschrifft
1163 2101 1219 2158 ime
1244 2103 1347 2172 geaunt

219 2187 335 2242 wurttet
354 2188 475 2244 worden.
512 2187 578 2241 Mun
602 2185 685 2242 murell
705 2189 822 2250 werten,
847 2186 910 2241 wall
935 2187 989 2242 ime
1010 2205 1064 2244 von
1082 2189 1209 2260 Venidig
1227 2209 1271 2244 zu·
1296 2189 1348 2258 (rest

198 2273 309 2344 vfehlt).

757 2547 821 2602 106.

518 2675 643 2762 Verger
666 2698 708 2740 an
732 2676 852 2762 herzog
874 2675 1059 2762 Christoph.

537 2814 687 2887 ratingen
712 2816 748 2872 15
768 2815 930 2874 December
953 2817 1037 2874 1560.

285 2924 473 2991 llberschicht
490 2938 506 2990 2
525 2935 644 2998 blicher,
664 2935 770 2990 meldet
787 2936 842 2990 den
860 2935 910 2990 tod
929 2953 984 2990 von
1002 2935 1090 2990 Franz
1109 2935 1145 2988 Il.

291 3051 488 3111 illustrissime
509 3051 646 3125 Princeps
667 3058 696 3110 et
717 3051 840 3110 Domine
862 3051 984 3110 Domine
1005 3049 1250 3109 clementissime!

292 3156 380 3214 Mitto
401 3155 473 3215 duos
493 3155 607 3214 libellos
627 3172 720 3228 nuper
739 3157 909 3231 impressos,
938 3155 1062 3214 alteram
1088 3171 1141 3226 pro
1167 3152 1349 3214 Illustrissima

185 3307 191 3322 .
216 3245 394 3318 Oelsitudiue
414 3259 528 3330 Vestra,
549 3260 673 3318 alterum
693 3276 746 3332 pro
767 3259 960 3318 illustrissimo
982 3258 1096 3316 domiuo
1117 3257 1185 3316 filio.
1217 3259 1287 3318 Ante
1307 3274 1349 3315 uu·

216 3377 284 3422 uuna
305 3364 406 3422 eadem
428 3362 576 3421 Oelsitudo
589 3363 694 3422 Vestra
714 3363 912 3421 Illustrissima
932 3362 1006 3420 uidit
1026 3361 1222 3435 praefationes,
1242 3368 1269 3422 et
1286 3359 1349 3419 nihil

215 3466 387 3541 improbavit
405 3472 456 3525 aut
477 3467 660 3540 desideravit,
683 3474 715 3525 ut
735 3473 805 3526 tuuc
825 3459 942 3540 digesta
963 3474 1007 3526 est
1027 3467 1096 3526 mibi
1117 3466 1223 3526 dicere.
1262 3465 1347 3525 Libel-

215 3572 260 3633 lus
280 3571 336 3631 fuit
355 3572 392 3630 ab
413 3589 469 3630 uno
491 3589 526 3629 ex
550 3587 614 3630 mea
638 3571 748 3630 familie
768 3579 836 3631 aute
860 3576 915 3632 120
936 3589 1026 3631 anuos
1047 3573 1172 3646 scriptus
1185 3573 1203 3629 ¹.
1244 3572 1347 3632 Utinam

214 3677 376 3736 habuissem
406 3678 532 3749 majore,
561 3695 624 3750 quae
648 3678 701 3735 sub
721 3677 908 3760 illustrissimi
929 3677 1038 3736 domini
1058 3677 1111 3735 lilii
1133 3678 1288 3737 nominoio
1308 3674 1347 3731 lu·
1397 3747 1398 3752 ἵ

215 3797 276 3840 cem
298 3781 464 3853 emisissem,
486 3781 724 3854 quemadmodum
745 3782 822 3840 huuc
842 3785 943 3841 emitto
963 3781 1005 3838 illi
1027 3781 1201 3840 dedicatum.

782 3905 798 3938 *
900 3909 903 3916 .

287 3981 373 4036 lDie
393 3982 455 4037 eine
473 3982 573 4038 schrift
597 3983 676 4037 hetta
703 3983 758 4036 deu
783 3981 864 4036 titel:
901 3980 1022 4036 Senioris
1041 3981 1118 4035 Petri
1135 3981 1216 4036 Pauli
1234 3974 1347 4048 Vergcrii

214 4067 446 4138 Juetinopolitani
472 4069 507 4124 de
532 4067 668 4124 nobilium
697 4084 846 4138 puerorum
873 4066 1041 4122 educatione
1048 4087 1056 4132 ;
1085 4068 1130 4122 die
1154 4067 1289 4134 widmuug
1313 4081 1345 4116 an

215 4153 294 4224 prinu
312 4154 457 4210 Eberhard
483 4156 540 4210 uud
561 4154 607 4210 die
626 4155 743 4210 vorrede
761 4154 798 4210 ist
816 4172 880 4210 vom
900 4156 913 4209 l
933 4153 1086 4210 December
1106 4153 1301 4211 modoetien,
1326 4165 1344 4200 s·

215 4241 311 4310 Serep.
331 4259 351 4295 e.
371 4243 412 4296 91.
432 4261 458 4296 n.
478 4245 520 4298 99.
557 4229 631 4298 Uber
650 4243 730 4298 ihren
749 4239 977 4313 pedagogischen
996 4240 1086 4294 werth
1116 4259 1137 4294 s.
1157 4233 1343 4296 Schwemiuslri,

216 4327 245 4382 P.
264 4327 294 4382 P.
313 4328 464 4399 Vergerius
482 4329 540 4384 und
557 4331 593 4386 Μ.
614 4329 732 4400 Vegius,
762 4329 806 4384 eiu
828 4328 940 4398 beitrag
966 4345 1014 4380 zur
1032 4326 1193 4395 geschichte
1210 4329 1254 4382 der
1268 4322 1343 4394 pida-

215 4414 310 4484 gcgilr.
348 4415 435 4472 Poseu
455 4416 533 4472 1858,
