2884 5074
628 368 690 430 473

627 643 694 698 250.

388 791 513 878 Verger
535 815 577 856 an
600 791 721 876 herzog
745 749 930 874 Christoph.

510 932 578 992 Sine
600 931 668 992 dato
689 937 720 990 et
739 930 812 989 loco.
932 1001 934 1006 Ι

462 1051 528 1106 Mau
548 1051 591 1106 ins
607 1052 653 1121 jar
674 1050 741 1105 1564
764 1049 859 1104 fallen.

158 1168 206 1223 Die
227 1168 330 1223 handel
350 1167 401 1222 mit
421 1165 574 1222 Scalichins
594 1164 758 1220 betreffend.
866 1199 867 1202 =

161 1283 358 1342 illustrissime
379 1283 517 1356 Princeps
539 1287 568 1340 et
590 1283 711 1340 Domine
732 1282 856 1340 Domine
878 1278 1124 1339 Clementissimel

163 1383 265 1452 Causa,
288 1375 324 1441 de
342 1401 398 1457 qua
414 1386 517 1452 scribo,
538 1385 574 1444 ad
589 1402 634 1443 ma
655 1387 750 1456 ipsum
768 1385 885 1459 proprie
906 1385 1043 1456 pertinet,
1065 1395 1234 1457 quamquam

89 1489 200 1548 intersit
222 1505 325 1546 nomen
348 1491 468 1561 nepotis,
490 1495 586 1548 tamen
607 1489 724 1560 proprie
745 1507 809 1547 mea
830 1497 883 1561 est,
906 1495 935 1547 et
958 1490 1037 1547 nulla
1050 1465 1157 1560 'potest
1172 1501 1235 1545 esse

87 1593 150 1652 mihi
175 1594 268 1664 magis
296 1593 421 1665 propria.
465 1593 560 1664 Quare
582 1591 753 1650 Oelsitudini
775 1593 888 1650 Vestrae
910 1597 1081 1651 reverenter
1106 1591 1234 1663 supplico

89 1703 174 1771 atque
194 1713 248 1770 per
262 1697 361 1755 Jesum
373 1695 518 1754 Christum
541 1695 631 1754 filium
656 1697 707 1754 Dei
728 1697 868 1764 obtestor,
891 1703 922 1754 ut
944 1695 1087 1768 dignetur,
1109 1711 1154 1753 me
1176 1711 1236 1753 ser-

88 1803 208 1861 vitorem
229 1801 454 1860 addictissimum
474 1802 619 1874 patienter
638 1801 749 1860 audire.

160 1908 219 1966 Res
248 1913 294 1966 est
325 1907 498 1978 hujusmodi.
541 1907 668 1964 Venerat
694 1906 723 1964 in
755 1907 888 1966 ducatum
917 1906 1103 1965 Oelsitudinis
1124 1905 1235 1964 Vestra

87 2019 151 2072 urite
183 2011 311 2086 quinque
340 2028 430 2070 annos
458 2009 656 2083 Scaliclrius¹,
689 2012 732 2070 vir
762 2011 947 2070 turbulentus
974 2015 1005 2068 et
1031 2009 1118 2084 plane
1144 2010 1236 2067 malus

85 2115 337 2189 (quemadmodum
358 2113 434 2173 infra
453 2131 560 2188 paucos
581 2115 642 2173 dies
663 2113 808 2173 constabit
834 2113 940 2172 clarius
968 2116 1032 2172 lnce
1052 2114 1235 2190 meridiana).

83 2221 234 2293 Praeseusi,
257 2221 400 2278 hominem
422 2237 484 2278 esse
506 2222 609 2293 talem,
642 2229 671 2278 et
693 2237 756 2278 cum
777 2221 953 2292 imposturas
974 2219 1063 2292 ipsius
1084 2221 1234 2294 coepissem

82 2342 272 2398 cognoscere,
300 2325 658 2400 ilustrissimasselsitudo
679 2326 784 2384 Vestra
815 2325 937 2383 meliora
964 2339 1083 2397 sperans
1111 2324 1147 2382 de
1173 2325 1236 2396 ipso

81 2432 164 2490 certis
182 2427 335 2504 jndicibus
356 2430 498 2503 delegatis
521 2431 676 2502 mandarit,
698 2437 731 2490 ut
747 2447 861 2488 eausam
876 2435 1091 2504 cognoscerent.
1124 2428 1235 2502 Cogno·

80 2543 192 2606 verunt,
215 2543 247 2595 et
268 2536 382 2594 demum
403 2533 479 2594 facta
499 2541 544 2594 est
565 2535 720 2594 transactio
742 2535 884 2594 interme
906 2540 937 2592 et
951 2534 1041 2602 illum,
1064 2549 1120 2606 qua
1135 2532 1235 2591 utrim-

80 2656 132 2712 que
155 2646 222 2700 erat
243 2639 324 2699 lacta
342 2640 506 2713 promissio,
536 2640 613 2712 quod
641 2655 725 2697 inemo
754 2640 876 2713 arrrplius
903 2639 948 2698 vel
976 2636 1052 2697 iacto
1080 2639 1125 2696 uel
1147 2636 1235 2696 verbo

79 2743 202 2804 laederet
225 2743 309 2820 (licet
330 2760 348 2802 a
368 2759 414 2801 me
436 2760 581 2818 nunquam
602 2742 703 2802 fuisset
724 2743 834 2820 laesus).
875 2743 915 2802 Et
935 2758 1106 2817 quamquam
1126 2743 1234 2815 gravis·

77 2849 146 2908 sima
167 2849 242 2908 mihi
265 2849 414 2908 videretur
435 2850 501 2908 talis
522 2851 689 2921 transactio,
712 2856 808 2908 tamen
830 2849 884 2908 tuli
905 2849 1000 2907 omnia
1015 2853 1185 2906 reverenter
1204 2849 1234 2904 in

77 2953 216 3012 honorem
236 2955 293 3012 Dei
314 2959 400 3026 atque
423 2955 451 3010 in
474 2955 597 3026 gratiam
614 2953 816 3012 illustrissimae
829 2951 1015 3010 Oelsitudiuis
1029 2951 1146 3010 Vestrae.
1168 2952 1235 3010 Dis-

75 3059 160 3118 cessit
182 3057 346 3116 Sealichius
366 3059 395 3114 iu
417 3059 564 3116 Prussiam
596 3063 682 3131 atque
710 3057 751 3116 ibi
781 3058 874 3116 fracta
900 3055 957 3115 fide
987 3061 1017 3114 et
1042 3057 1234 3129 jurejurando

76 3163 191 3235 scripsit
219 3169 323 3220 eontra
343 3178 388 3218 me
410 3168 496 3234 atque
518 3163 664 3233 impressit
685 3163 789 3220 librum
813 3160 1066 3219 virulentissimum
1087 3167 1174 3232 atque
1194 3160 1233 3220 ibi

74 3269 225 3340 evulgavit
247 3272 390 3340 praesente
412 3273 442 3324 et
463 3268 662 3325 consentiente
677 3265 870 3324 illustrissimo
886 3264 1016 3338 principe
1032 3265 1147 3323 domino
1162 3265 1235 3325 duce

74 3369 213 3431 Prassiae.
259 3371 364 3430 Vestra
386 3371 534 3431 Celsitudo
555 3372 658 3438 librum
681 3372 752 3430 vidit
773 3378 803 3430 et
821 3371 976 3444 judicavit,
1006 3371 1234 3444 indignissimum

73 3491 155 3545 esse,
189 3477 244 3550 qui
276 3478 441 3550 legeretur,
473 3493 535 3535 cnm
565 3477 726 3551 praesertim
755 3479 842 3536 etiam
873 3476 1077 3536 illustrissimae
1112 3475 1234 3536 Gelsitu-

72 3581 147 3642 diuis
169 3583 290 3641 Vestrae
311 3583 418 3642 mentio
438 3583 467 3640 in
490 3599 524 3641 eo
544 3581 647 3642 fnisset
668 3582 754 3641 faeta.
793 3583 827 3640 In
848 3599 957 3640 summa
978 3582 1096 3655 dignata
1117 3586 1161 3640 est
1182 3598 1234 3639 nu·

71 3703 187 3746 merare
208 3688 317 3760 nepoti
346 3703 409 3744 meo
438 3687 551 3747 doctori
572 3689 693 3746 Aurelio
723 3693 836 3746 centum
867 3689 992 3755 talares,
1024 3686 1126 3760 quibus
1152 3703 1183 3746 se
1204 3687 1234 3744 in

69 3791 225 3851 Prussiarn
250 3789 397 3849 conferret
418 3797 448 3849 et
469 3792 504 3849 de
527 3793 602 3850 libro
624 3798 725 3850 contra
746 3810 790 3850 me
813 3792 892 3850 edito
913 3791 990 3864 apud
1010 3791 1234 3850 illustrissimum

70 3897 202 3956 Prussiae
226 3897 332 3955 ducem
353 3902 590 3970 conquereretur.
621 3895 930 3968 ProfectusAurelius,
952 3913 1017 3955 cum
1032 3897 1138 3955 multos
1154 3911 1233 3955 men-

68 4019 115 4062 ses
136 4002 347 4075 insumpsisset
369 4007 456 4075 atque
477 4003 556 4060 illam
572 4001 725 4074 pecuniam
746 4001 952 4060 accisitudine
962 4002 1069 4061 Vestra
1084 3999 1149 4078 (pro
1171 4003 1234 4075 eius

67 4107 180 4182 gratia)
205 4111 391 4165 numeratam
413 4113 442 4164 et
471 4107 557 4164 aliam
587 4109 826 4179 consumpsisset,
859 4106 975 4166 tavidem
1005 4107 1112 4164 nullam
1139 4107 1235 4178 potuit

65 4213 212 4288 consequi
232 4211 387 4283 justitiam,
409 4211 452 4268 ita
478 4217 511 4268 ut
537 4227 569 4268 re
597 4209 706 4270 infecta
733 4211 882 4270 discedere
903 4216 1018 4270 coaetus
1046 4209 1143 4270 fuerit.
1185 4211 1232 4268 ln-

649 4335 664 4368 Ἰ(

141 4431 155 4483 1
179 4428 210 4482 S.
237 4445 267 4482 n.
287 4428 329 4484 94.
350 4428 433 4484 teau.
