2830 5072
736 321 799 382 344

739 571 803 628 154.

495 703 621 790 Verger
643 726 686 770 an
708 703 828 789 herzog
851 700 1037 785 Christoph.

606 834 684 896 Ghur
705 838 743 892 20
763 835 824 894 Mai
847 835 931 890 1562.
992 851 1004 862 ·

265 941 339 1008 Uber
359 954 404 1008 die
422 953 599 1009 kirchliohen
612 952 798 1009 verhltltnisse
811 952 842 1006 in
856 951 1048 1007 Graubiiuden
1067 949 1125 1034 und
1143 949 1219 1004 selne
1232 948 1328 1018 thang-

197 1049 258 1105 keit
276 1049 349 1104 dort.

265 1145 428 1202 Theilweise
452 1145 591 1216 gedrnolrt
616 1145 681 1215 (von
707 1164 724 1199 a
749 1145 845 1200 decem
864 1143 945 1198 annis
963 1142 1006 1197 bis
1024 1141 1145 1212 pietate)
1172 1139 1216 1195 bei
1235 1139 1329 1195 Sattler

197 1241 245 1306 1v,
267 1242 326 1296 183.

273 1338 470 1398 Illustrissime
493 1339 632 1413 Princeps
653 1345 683 1397 et
703 1337 827 1400 Domine
848 1337 971 1396 Domine
993 1334 1235 1394 clementissime!

275 1443 346 1502 Cum
364 1444 486 1516 primum
507 1443 545 1503 ad
565 1443 696 1502 dominos
716 1443 835 1502 Rbaetos
856 1442 987 1514 Tubinga
1014 1439 1165 1498 discedens
1187 1439 1331 1508 ,venissem

199 1547 275 1622 quod
296 1546 352 1606 luit
371 1549 489 1608 circiter
509 1549 585 1608 diem
606 1549 835 1616 resurrectionis,
856 1546 958 1618 scripsi
978 1545 1016 1608 ad
1036 1543 1259 1602 Illustrissimam
1280 1541 1331 1600 Gel-

102 1733 104 1738 .
196 1651 351 1713 altudinem
372 1652 515 1723 Vestram,
537 1657 583 1710 ter
602 1652 727 1724 quidem,
749 1651 920 1723 Ulmamque
941 1649 1004 1706 misi
1026 1647 1149 1707 litteras.
1187 1645 1257 1705 Cum
1276 1661 1332 1704 vero

197 1755 465 1828 animadverterem,
480 1756 635 1815 adventum
646 1755 753 1814 domini
767 1753 900 1828 Oognetii
914 1753 1072 1814 Galliarum
1086 1753 1211 1811 oratoris
1224 1751 1279 1809 lruo
1288 1749 1331 1809 dil·

197 1857 277 1932 ferri,
299 1861 460 1919 cousultum
480 1861 579 1933 putavi
599 1878 690 1935 usque
712 1861 748 1920 ad
768 1859 841 1919 lines
861 1859 953 1918 Italiae
974 1873 1129 1918 excurrere
1143 1857 1161 1930 ¹3
1188 1857 1263 1930 quod
1281 1855 1332 1926 leci,

198 1965 361 2039 multasque
388 1965 472 2022 invisi
499 1981 551 2037 per
571 1965 626 2023 Dei
654 1967 776 2038 gratiam
805 1965 960 2036 ecclesias,
992 1961 1096 2036 quibus
1124 1961 1257 2019 salutatis
1281 1959 1332 2018 heri

196 2069 309 2142 vesperi
328 2068 442 2128 Curiam
462 2071 545 2141 redii,
567 2087 625 2144 qua
645 2071 680 2130 de
701 2087 733 2128 re
755 2073 848 2144 deque
868 2070 921 2142 llis,
943 2085 1007 2142 quae
1027 2066 1100 2126 fiunt
1120 2071 1209 2139 atque
1230 2081 1332 2140 speran-

197 2177 253 2244 tur,
268 2172 345 2231 volui
360 2187 413 2244 per
427 2173 601 2244 peculiarem
617 2174 748 2232 nuntium
759 2173 983 2232 Illustriesimam
996 2169 1204 2232 celsitudinem
1215 2171 1331 2229 Vestram

197 2276 352 2335 certiorem
374 2275 507 2336 reddere.
549 2277 656 2352 Incipio
683 2294 752 2350 ergo
779 2277 815 2336 ab
845 2276 974 2336 ecclesiis
997 2276 1036 2334 ad
1055 2293 1185 2335 normam
1207 2273 1333 2348 evangelii

196 2378 360 2440 reformatis
385 2385 415 2438 et
435 2395 526 2454 pauca
548 2379 583 2438 de
604 2381 647 2438 his
668 2378 778 2450 dicam,
810 2378 938 2437 dicturus
957 2378 1055 2451 plura,
1077 2379 1126 2436 ubi
1148 2376 1331 2450 Stutgardiam

198 2483 236 2559 (si
256 2483 334 2542 Deus
355 2482 491 2559 voluerit)
518 2483 642 2542 rediero.
683 2483 880 2541 Illustrissime
901 2482 1055 2555 Princeps,
1085 2498 1102 2539 a
1130 2483 1167 2539 10
1187 2483 1270 2541 annis
1288 2483 1332 2542 cir·

198 2589 285 2662 citer,
314 2588 416 2662 quibus
441 2589 506 2648 hinc
527 2589 661 2659 discessi,
690 2589 781 2646 crevit
801 2586 930 2646 fidelium
951 2592 981 2645 et
1003 2587 1192 2646 ecclesiarum
1213 2571 1334 2646 numerus

197 2694 358 2752 mirandum
378 2693 408 2750 in
429 2692 544 2752 modum
557 2693 574 2750 ¹.
617 2692 688 2751 Gom
715 2694 790 2751 enim
819 2691 928 2752 fuerint
948 2692 1028 2765 prius
1052 2693 1087 2749 16
1108 2698 1243 2765 pastores
1261 2697 1334 2764 atque

198 2799 337 2869 ministri,
369 2814 444 2856 nuno
464 2803 531 2857 sunt
551 2801 590 2856 34
609 2798 647 2856 ad
668 2797 784 2856 laudem
804 2798 878 2870 Dei,
910 2797 1059 2856 auditores
1080 2813 1148 2856 vero
1177 2799 1207 2855 in
1234 2797 1335 2870 triplum

198 2903 244 2962 vel
277 2902 470 2977 quadruplum
497 2908 690 2980 excreverunt
720 2910 750 2962 et
780 2909 847 2962 suut
877 2902 993 2976 quidem
1020 2902 1050 2958 in
1078 2901 1131 2958 hoc
1152 2915 1335 2960 numerumn

198 3008 283 3081 pauci
302 3005 448 3067 ferventes
468 3014 499 3068 et
519 3007 697 3081 mortificati3
719 3025 776 3080 qua
792 3023 861 3066 vero
877 3007 964 3065 animi
980 3005 1083 3065 laetitia
1104 3011 1133 3064 et
1155 3003 1334 3064 consolatione

199 3110 277 3169 inter
298 3129 347 3170 eos
367 3110 485 3184 fuerim,
506 3131 563 3172 non
584 3129 701 3187 possum
722 3111 807 3171 facile
829 3111 941 3180 dicere,
965 3110 1095 3184 quotidie
1115 3111 1146 3168 in
1167 3126 1232 3168 mea
1252 3111 1336 3181 lingua

199 3215 352 3274 conciones
371 3215 540 3289 audiebam,
570 3231 657 3306 saepe·
676 3215 764 3276 etiam
794 3214 986 3275 concionabar
1013 3220 1129 3288 egomet
1154 3231 1259 3290 magno
1282 3228 1333 3271 curn

199 3317 305 3392 gaudio
325 3335 382 3378 non
403 3319 495 3378 solum
515 3337 595 3393 meo,
617 3321 668 3380 sed
689 3319 821 3379 fortassis
843 3336 972 3378 meorum
993 3317 1129 3388 fratrum,
1163 3319 1229 3393 qui,
1257 3319 1335 3378 Deum

200 3428 302 3492 testor,
323 3421 531 3482 Oelsitudinem
552 3425 684 3484 Vestram
706 3425 933 3483 illustrissimam
954 3431 1125 3484 reverenter
1146 3424 1295 3483 observant
1311 3426 1335 3479 et

199 3528 314 3602 plurimi
335 3525 445 3586 faciunt
464 3535 624 3602 rogantque
646 3547 699 3602 pro
721 3530 785 3602 ejus
805 3528 1005 3588 incolumitate
1026 3529 1166 3588 assidue·
1188 3529 1221 3587 ln
1241 3541 1335 3587 summa

198 3631 299 3690 videor
319 3632 387 3691 rnihi
406 3631 562 3706 profecisse
585 3635 714 3693 nonnihil
735 3650 799 3692 meu
825 3635 882 3694 ista
909 3632 1089 3708 profectione
1118 3640 1150 3694 et
1177 3633 1333 3692 saluatione

200 3742 230 3794 et
250 3737 358 3811 aliquid
379 3738 436 3798 olei
456 3754 507 3810 pro
529 3754 593 3796 mea
611 3740 756 3798 tenuitate
777 3737 891 3797 camino
912 3737 1057 3797 addidisse
1073 3735 1093 3806 ²,
1114 3737 1248 3797 laudetur
1265 3737 1333 3795 Deus

199 3857 253 3916 per
272 3843 371 3900 Jesum
393 3841 547 3901 Christum.
589 3842 661 3901 Gom
681 3843 879 3902 Illustrissima
899 3841 1048 3902 Gelsitudo
1069 3842 1177 3903 Vestra
1196 3839 1333 3902 nonnullos

771 3947 786 3980 =l=

272 4024 285 4076 1
306 4023 343 4076 Er
360 4023 426 4078 kam
444 4023 487 4078 bis
506 4024 579 4078 nach
597 4023 759 4078 Chiavenna
777 4023 835 4076 und
853 4023 897 4076 ins
916 4021 1033 4087 Velllin,
1052 4041 1073 4077 s.
1092 4023 1132 4078 br.
1153 4025 1211 4078 153.

271 4111 287 4162 2
306 4109 370 4163 Wie
389 4109 501 4164 salisam
515 4109 612 4181 kliugt
623 4112 693 4166 daza
708 4111 765 4175 das,
785 4125 842 4166 was
855 4109 991 4165 Gellioius
1004 4128 1041 4166 au
1054 4110 1201 4182 Bulliuger
1212 4105 1332 4164 schreibt:

201 4197 366 4266 Vergerius‚
393 4199 474 4252 vetus
491 4199 674 4269 antagonistas
693 4215 783 4265 meus,
811 4199 866 4253 huc
891 4197 1011 4268 appulit.
1048 4197 1198 4267 Exspecto,
1226 4191 1285 4264 quid
1302 4189 1332 4242 8st

201 4285 313 4338 acturus
331 4282 534 4338 lumiveuditor
550 4301 600 4355 per
618 4286 717 4340 lovem
736 4285 879 4356 egregius3
899 4285 956 4340 und
971 4283 1129 4342 Fabricius:
1149 4284 1190 4338 De
1206 4279 1251 4336 illo
1267 4293 1332 4349 aper-

201 4371 313 4448 mologo
331 4370 368 4424 sis
387 4371 508 4443 quietus.
544 4373 641 4447 Meyer
659 4371 694 4438 11,
714 4372 773 4429 249.
