2852 5076
290 464 384 524 Gauda
412 463 560 550 religionis
588 464 616 518 in
643 475 733 536 regno
754 460 882 520 Poleniae
903 464 947 518 est
966 462 996 518 iu
1017 459 1137 528 eodem,
1169 459 1199 516 in
1221 473 1275 532 quo
1294 463 1345 515 erat

211 573 304 642 stetu,
333 585 436 640 nempe
457 566 534 640 quod
561 565 686 636 nobiles,
719 563 845 626 barones
868 581 902 624 ac
928 565 1048 636 palatini
1070 564 1185 622 omnino
1206 562 1294 622 velint
1311 563 1345 620 in-

211 668 323 730 ve'ctum
344 671 535 742 evangelium,
556 671 695 727 acerrime
717 668 923 751 resistentibus
941 669 1096 740 episcopis3
1119 668 1215 727 dictus
1237 673 1279 727 est
1297 667 1347 726 dies

212 775 250 834 ad
270 773 475 834 Bamholomaei
496 780 616 847 propter
635 774 751 832 comitia
766 774 948 842 celebranda,
970 791 1034 848 qnae
1049 790 1113 833 curn
1127 773 1280 831 rationalis
1293 788 1347 830 con·

212 879 272 938 ollii
292 881 350 938 vim
372 882 429 938 sint
450 878 592 950 habitura,
614 895 699 954 spero
720 895 765 936 me
787 878 1006 950 interfuturum,
1028 883 1130 952 postea
1156 877 1227 936 iude
1248 875 1283 952 (si
1302 877 1349 934 llo·

211 985 304 1042 minus
333 983 468 1058 voluerit)
496 985 548 1041 sub
579 983 708 1042 umbram
739 1000 772 1042 ac
806 985 1015 1057 protectionem
1044 983 1233 1042 Celsitudinis
1253 983 1349 1040 Vestra

213 1076 393 1146 rediturum(
449 1067 452 1073 ⁴

292 1191 415 1264 Reliqua
436 1207 530 1252 coram
552 1191 706 1264 aliquando
728 1192 963 1262 commemorabo,
985 1207 1079 1266 neque
1100 1192 1177 1250 enim
1193 1191 1286 1248 omnia
1298 1194 1374 1248 sunt.

214 1297 319 1354 litteris
345 1296 557 1356 committenda.
599 1295 774 1354 Commendo
795 1313 839 1353 me
861 1302 1031 1354 reverenter
1052 1296 1164 1355 Vestrae
1187 1293 1353 1354 celsitudini.
1411 1299 1412 1312 ²

215 1400 272 1457 Oro
293 1382 433 1459 aeternum
452 1406 564 1476 patrem
586 1399 693 1457 domini
713 1400 805 1458 nostri
826 1401 897 1458 dosu
919 1400 1041 1469 cin-isti,
1067 1405 1099 1457 ut
1120 1417 1184 1458 eam
1208 1399 1352 1458 diutissime

216 1508 312 1560 servet
332 1503 414 1562 nobis
434 1503 605 1562 incolumem
626 1508 744 1576 propter
771 1519 869 1574 pacem
901 1510 931 1562 et
957 1509 1144 1578 augmentum
1173 1504 1353 1562 ecclesiarum.
1411 1521 1415 1570 χ

217 1607 319 1664 Amen.

298 1737 323 1795 E
344 1737 445 1796 Monte
466 1738 557 1809 Regio
578 1737 635 1794 XX
656 1737 726 1796 Julii
750 1737 834 1794 rste.

487 1867 674 1926 celsitudinis
694 1867 806 1926 Vestrae
828 1866 1098 1927 observantissimus

1124 1973 1291 2046 Vergerius.

299 2103 392 2174 Quum
414 2103 551 2161 hactenus
573 2105 757 2177 scripsissem,
779 2103 989 2162 illustrissimus
1010 2103 1067 2162 dux
1083 2104 1236 2162 constituit
1255 2103 1357 2161 mittere

220 2207 342 2266 eundem
364 2209 552 2268 secretarium
574 2210 600 2266 d.
623 2209 818 2280 Timotheum,
853 2211 901 2282 qni
922 2226 967 2267 me
989 2209 1044 2267 hue
1064 2209 1218 2267 comitatus
1240 2215 1359 2279 estnon

219 2312 311 2369 solum
333 2311 504 2385 Ooburgunr,
526 2313 578 2372 sed
598 2313 793 2386 Stutgardiam
817 2330 930 2386 quoque
946 2313 983 2370 ad
998 2313 1132 2371 Vestram
1148 2311 1359 2379 Celsitudinem,

219 2416 261 2474 ita
282 2417 351 2474 mihi
371 2416 457 2475 hodie
479 2417 551 2476 dixit
572 2434 624 2476 sua
644 2418 836 2475 illustrissima
855 2417 1022 2475 dominatio
1054 2415 1253 2475 ATimetheo
1275 2417 1360 2488 itaque
1414 2473 1415 2482 ,

220 2525 280 2578 turn
313 2521 349 2580 de
376 2521 470 2594 bello,
501 2528 561 2580 turn
592 2521 627 2579 de
655 2527 734 2581 statu
762 2521 863 2580 harum
891 2523 1077 2580 ecclesiarum
1097 2521 1204 2581 Vestra
1226 2519 1360 2580 Celsitudo
1414 2537 1415 2568 ι

220 2626 304 2698 plane
325 2628 420 2683 omnia
440 2625 600 2697 intelliget3
623 2627 658 2684 de
680 2626 757 2684 bello
779 2628 833 2684 hoc
854 2643 907 2698 ego
929 2627 1019 2685 addo:
1050 2643 1136 2699 quum
1158 2625 1360 2685 Livoniensium
1414 2625 1415 2658 l

220 2729 308 2802 legati
329 2731 386 2788 sint
406 2731 481 2802 apud
502 2747 599 2804 regern
622 2732 806 2802 polonorum,
830 2732 897 2790 inde
919 2735 1050 2805 sciemus,
1072 2709 1141 2805 quid
1162 2733 1192 2789 in
1214 2732 1268 2789 hac
1288 2745 1362 2790 causa

221 2832 347 2892 laturum
370 2837 415 2906 sit,
438 2834 535 2894 forsan
558 2854 609 2894 sua
629 2837 767 2909 majestas
788 2837 944 2895 autoritate
966 2854 1019 2896 sua
1032 2835 1164 2910 perficiet
1176 2837 1295 2909 aliquid,
1315 2851 1362 2908 quo

222 2929 298 2994 bella
325 2945 555 3010 compescantur,
587 2940 654 2997 inde
684 2955 754 3013 ergo
782 2939 950 3012 pendemus.
992 2942 1035 2997 De
1062 2940 1155 2999 turbis
1187 2941 1361 3000 ecclesiarum

222 3041 297 3098 addo
319 3060 442 3116 queque,
463 3061 555 3116 nuper
576 3045 731 3103 Functimn
752 3045 900 3115 scripsisse
922 3047 958 3102 ad
980 3047 1123 3119 quendam
1144 3045 1363 3118 Norembergen·

223 3162 282 3203 sem
304 3147 502 3207 acerbissimas
524 3157 610 3223 atque
632 3150 837 3220 atrocissimos,
861 3167 932 3222 quas
955 3167 1007 3224 ego
1028 3151 1102 3222 vidi,
1126 3157 1228 3208 contra
1248 3151 1363 3222 reliquos

223 3252 440 3311 concionatores
461 3271 527 3313 suos
549 3257 673 3329 collegas
699 3257 824 3327 litterae,
859 3273 923 3328 quae
950 3256 1110 3329 aquodam
1132 3253 1364 3329 Norembergensi

224 3356 279 3412 huc
300 3354 416 3416 luerunt
437 3361 544 3430 rnissae3
574 3360 602 3418 in
624 3377 751 3429 summa,
784 3363 855 3419 mire
878 3360 1088 3419 exacerbarunt
1109 3361 1219 3418 animos
1241 3358 1363 3417 omnium.

224 3460 380 3520 Videretur
399 3465 515 3522 omnino
536 3467 560 3521 is
581 3465 720 3524 Functius
746 3471 847 3536 utpote
875 3465 1060 3523 turbulentus
1086 3464 1171 3521 homo
1200 3461 1363 3535 allegandas,

224 3583 322 3624 verum
345 3568 399 3626 lroc
420 3584 534 3640 quoque
556 3570 602 3624 vix
622 3574 720 3641 potest
741 3571 802 3628 sine
823 3570 952 3642 periculo
968 3569 1046 3652 fieri3
1069 3581 1134 3626 nam
1147 3585 1235 3651 quum
1246 3565 1364 3642 populari

226 3671 348 3743 quadam
368 3669 503 3730 facundia
523 3672 577 3729 sibi
599 3673 762 3731 devinxerit
782 3675 893 3732 animos
915 3674 1005 3744 vulgi,
1034 3673 1191 3731 verendum
1214 3678 1306 3742 esset,
1323 3669 1362 3725 'ne

227 3774 281 3834 hoc
301 3776 536 3846 tumultuaretur,
559 3778 583 3834 si
604 3776 653 3834 ille
676 3777 884 3836 dimitteretur.
926 3779 1005 3837 Deus
1026 3777 1106 3836 dives
1127 3777 1157 3834 in
1177 3772 1364 3836 misericordia

226 3895 279 3937 sua
299 3879 429 3939 inveniat
450 3879 620 3940 medicinam
643 3882 708 3940 huic
728 3883 812 3941 malo.

1130 4012 1296 4086 Vergerius.
