2830 5072
564 624 654 684 118b.

124 753 309 813 illustrissime
329 754 467 828 Princeps
488 759 518 812 et
540 755 661 814 Domine
682 755 805 814 Domine
826 753 1073 814 clementissime!

124 855 236 927 Quidam
256 857 359 916 nobilis
379 857 480 918 Gallus
495 858 565 916 Mori
581 858 762 918 Monnoisius
783 859 867 936 (mihi
886 859 1060 934 incognitus)
1081 858 1189 920 scribit

61 958 90 1016 ed
105 975 145 1018 me
155 959 320 1034 urgentius,
342 961 419 1033 quod
438 963 519 1020 illurn
534 963 639 1022 littoris
656 978 797 1022 excusem.
826 962 931 1022 Incidit
945 963 1064 1022 enimin
1079 961 1183 1022 febrim

61 1079 103 1122 nee
119 1070 207 1136 potest
226 1065 264 1124 ad
285 1065 419 1124 Vestram
439 1066 661 1126 Illustrissimam
684 1066 891 1126 Celsitudiuem
917 1067 1079 1138 pervenire.
1116 1065 1186 1141 Spe·

60 1175 96 1224 rut
112 1173 200 1228 umen
219 1169 277 1228 cito
297 1185 390 1243 posse.
431 1171 506 1230 Puto
533 1187 596 1231 esse
625 1173 757 1243 missum,
789 1173 839 1230 sed
866 1171 963 1230 nescio
983 1187 1001 1230 a
1021 1188 1087 1244 quo.
1128 1171 1186 1230 Uhi

60 1270 233 1342 Stntgardium
254 1274 375 1343 venerit,
397 1275 494 1334 veniet
514 1275 649 1333 camillo
669 1291 827 1348 generosus
849 1274 876 1332 d.
899 1289 994 1333 comes
1015 1289 1033 1332 a
1053 1273 1185 1334 Thiaue¹

58 1376 139 1434 Italus.
178 1377 252 1448 Quin
274 1382 305 1436 et
324 1393 369 1436 me
390 1384 482 1450 rogat,
505 1383 536 1436 ut
557 1378 669 1438 veniam
688 1379 770 1450 ipse,
799 1379 917 1451 inquam
937 1377 1057 1448 Gallus,
1088 1378 1185 1438 nescio

58 1484 145 1552 temen,
164 1478 231 1554 quid
252 1480 368 1555 faciam3
396 1498 452 1540 non
473 1481 539 1540 novi
561 1481 606 1555 (nt
627 1482 699 1558 dixi)
721 1483 881 1554 hominem,
902 1497 973 1554 nco,
999 1498 1117 1542 carme
1138 1497 1186 1542 vc·

57 1581 90 1653 lit,
108 1584 171 1642 seio.

120 1688 220 1748 Missus
241 1694 288 1746 est
308 1689 344 1748 ad
365 1703 410 1746 me
432 1686 535 1746 nobilis
555 1687 646 1748 Italus
664 1703 682 1746 a
701 1686 839 1748 frutribus
859 1667 1038 1762 quibusdum,
1060 1688 1110 1762 qui
1130 1705 1188 1748 uns

58 1797 151 1850 artum
170 1800 254 1854 nocte
277 1809 387 1852 mecum
406 1793 511 1852 mansit
527 1800 557 1851 et
571 1793 703 1852 discessit
716 1809 809 1854 mons.
830 1795 881 1854 Ait
893 1795 923 1852 in
937 1811 1055 1868 summu,
1070 1792 1186 1867 fratres,

57 1899 94 1970 qui
112 1905 174 1958 sunt
193 1901 222 1958 in
243 1899 344 1972 Italia,
370 1900 495 1958 audiisse
516 1899 641 1973 aliquid,
669 1900 746 1972 quod
767 1904 871 1972 agetur
891 1898 927 1958 de
948 1915 994 1957 me
1016 1899 1187 1958 Tridentum

57 2005 174 2062 vomndo.
214 2005 312 2076 Quare
338 2022 392 2078 pro
413 2005 536 2064 caritate
557 2004 714 2063 christiana
735 2021 780 2062 me
801 2009 920 2062 monent
940 2019 993 2075 per
1011 2004 1187 2076 peculiarem

56 2103 92 2177 (nt
109 2105 174 2183 dixi)
196 2106 344 2178 nuntium,
375 2113 408 2166 ut
428 2123 544 2166 caveam
564 2105 636 2165 mihi
656 2121 674 2164 a
693 2105 839 2165 cardinale
860 2107 1020 2168 Montuano
1033 2106 1059 2178 '‚
1081 2108 1130 2181 qui
1150 2109 1189 2166 sit

56 2211 152 2268 omnino
173 2212 202 2270 in
223 2211 381 2284 reprobum
402 2227 517 2270 sensum
536 2211 622 2270 datus
644 2215 674 2270 et
693 2209 786 2270 factus
811 2211 902 2272 tudes
922 2219 972 2273 aut
990 2214 1121 2272 diabolus
1142 2212 1188 2289 (ut

55 2316 144 2385 solent,
165 2320 213 2390 qni
234 2318 363 2390 agnitam
383 2319 537 2376 veritatem
557 2318 688 2392 negant).
729 2317 887 2389 Horruit,
908 2319 1040 2392 inquam,
1067 2333 1186 2390 summa

56 2435 100 2490 qua
117 2423 151 2480 de
164 2441 196 2481 re
211 2423 361 2495 colloquar
375 2439 438 2481 cunr
453 2423 558 2480 Vestra
571 2422 768 2481 illustrissima
782 2423 967 2495 Celsitudine‚
989 2423 1014 2482 si
1033 2421 1188 2480 advenero.

117 2526 201 2586 Mitto
222 2527 422 2601 paraphrasim
441 2527 471 2584 in
491 2527 631 2600 psalmum
651 2527 817 2586 seeundum.
850 2527 974 2600 Spiritus
988 2527 1099 2586 Vestrae
1120 2525 1187 2582 Illu-

55 2629 187 2690 strissimse
209 2631 398 2690 Gelsitudinis
419 2631 555 2690 excitavit
582 2647 675 2689 meum
697 2633 844 2706 spiritum,
876 2639 909 2690 ut
935 2648 998 2690 eam
1024 2630 1187 2690 scriberem.

54 2731 131 2792 Facta
157 2736 233 2794 enim
266 2733 322 2792 suit
349 2735 385 2792 de
414 2751 448 2793 eo
476 2734 586 2807 psalmo
611 2735 719 2794 mentio
745 2735 776 2793 in
797 2752 905 2794 mensa.
947 2734 1121 2793 Commendo
1142 2749 1187 2792 me

53 2837 130 2897 eidem
145 2839 442 2900 celsitudiniVestrae
462 2844 640 2899 reverenter.
673 2838 806 2898 Goelestis
821 2832 911 2898 Pater
930 2845 1037 2911 augeat
1056 2837 1099 2896 illi
1120 2853 1186 2896 suos

54 2941 150 3002 divinos
169 2946 333 3015 thesauros,
355 2943 485 3016 spiritum
508 2947 538 2999 et
557 2939 644 2998 fidem
663 2957 716 3012 per
730 2939 876 3000 Christum
890 2939 1035 2999 dominum
1048 2946 1185 2998 nostrum.

117 3050 223 3108 Datum
245 3047 386 3121 Tubingae
407 3046 454 3104 die
474 3049 492 3104 3
513 3045 639 3119 Augusti
661 3046 746 3103 1561.

584 3317 648 3373 119.

350 3451 473 3538 Verger
496 3473 539 3516 an
560 3449 679 3535 herzog
701 3447 886 3534 Christoph.

396 3556 546 3656 Tdbingen
571 3583 606 3640 10
627 3583 741 3653 August
763 3581 848 3640 1561.
883 3571 885 3576 ’

111 3701 314 3771 Entschuldigt
340 3703 390 3756 dus
414 3701 660 3757 nichterseheinen
688 3700 737 3754 der
761 3697 978 3770 angemoldeten
1003 3697 1131 3753 fremden
1159 3697 1192 3766 (s.

52 3808 74 3845 n
97 3794 143 3850 118
162 3813 179 3851 a
198 3795 261 3850 und
279 3795 309 3864 b)
336 3795 395 3849 und
422 3796 551 3850 wdusoht
577 3795 664 3849 selbst
693 3794 761 3848 hald
788 3794 842 3848 den
869 3795 972 3864 herzog
996 3793 1132 3862 sprcchen
1158 3809 1192 3844 su

52 3887 163 3946 konnen.

118 3988 316 4049 illustrissime
338 3987 476 4058 Princeps
498 3992 527 4044 et
547 3986 671 4044 Domine
692 3985 814 4042 Domine
837 3981 1082 4044 Clementissimei

118 4095 176 4154 Res
195 4095 229 4154 in
249 4110 316 4152 eum
336 4091 451 4151 modum
471 4107 502 4150 se
523 4090 624 4149 habuit
644 4105 756 4162 revera,
778 4089 854 4162 quod
875 4101 1032 4161 generosus
1053 4087 1080 4146 d.
1097 4099 1193 4145 comes

617 4221 633 4255 »t

117 4331 176 4385 IS.
199 4349 228 4385 ιι.
248 4330 292 4384 36.

113 4415 174 4472 28.
197 4435 226 4472 ιι.
245 4417 288 4471 88.
