2852 5076
49 347 108 402 15⁵5
586 353 627 413 99

46 522 140 590 vimus,
171 519 300 593 quaedam
327 524 357 578 in
382 537 468 580 causa
499 522 647 594 religionis
675 525 773 578 vestra
799 535 884 578 mauu
910 519 999 580 latina
1030 520 1138 594 scripta
1164 537 1182 577 a

45 630 148 696 pastore
159 621 389 696 (lampiduneusi,
411 627 456 684 cui
474 631 542 684 ante
560 642 595 682 ea
610 623 805 694 tradideratis,
819 624 924 680 amissa
937 639 970 682 ac
979 623 1181 696 intempestivo

44 727 153 799 quodam
179 744 245 785 casu
273 727 311 787 ad
338 743 446 788 sacram
472 731 652 802 majestatem
681 727 790 799 regiam
816 727 914 786 delata
933 741 1005 786 esse.
1047 727 1181 798 Quamuis

47 847 103 888 uero
118 848 171 888 non
186 831 362 902 dubitamus,
383 850 433 892 vos
454 850 523 892 uero
545 841 574 891 et
594 831 642 905 pio
662 832 760 892 studio
781 833 810 890 in
823 831 973 904 evangelio
988 829 1094 890 Christi
1115 847 1181 906 pro·

47 935 161 1008 pagando
181 933 262 1007 lerri,
285 942 380 994 tamen
401 951 478 1010 aegra
499 951 552 994 neo
572 934 697 994 libenter
717 937 891 1007 accepimus,
920 949 969 992 vos
989 933 1082 994 adhuc
1103 933 1181 994 hisce

51 1040 164 1098 iurabas
185 1047 269 1098 tanta
290 1039 426 1100 libertate
446 1041 552 1114 passim
574 1043 632 1110 uti,
659 1041 834 1114 prasertim,
862 1055 925 1100 cum
952 1037 1007 1098 boc
1025 1038 1096 1098 nihil
1115 1055 1181 1112 pro-

50 1141 118 1201 icere
144 1160 266 1218 eamque
295 1145 332 1202 ad
358 1161 418 1202 rem
442 1145 532 1217 ipsam
557 1160 658 1218 parum
685 1143 781 1202 lacere
803 1145 849 1200 uel
869 1143 930 1215 ipse
951 1142 1182 1202 animaduertere

48 1248 159 1318 potestis.
201 1247 383 1320 euperemus
413 1245 528 1322 itaque,
559 1265 608 1308 vos
635 1253 663 1307 iu
691 1249 805 1320 scriptis
831 1253 861 1304 et
880 1247 1059 1308 sermonibus
1081 1247 1183 1306 vestris

48 1350 137 1422 (quoad
167 1353 231 1423 ejus
264 1353 312 1424 pio
339 1351 402 1412 fieri
428 1351 536 1428 potest)
563 1353 785 1412 moderatiorem
815 1351 943 1410 uonuibil
969 1357 999 1410 at
1025 1351 1182 1410 cautiorem

48 1470 106 1522 asse,
125 1457 245 1513 maxime
264 1458 341 1514 bisce
357 1457 450 1516 adhuc
464 1458 641 1531 temporibus
656 1465 686 1516 et
706 1459 735 1516 in
757 1457 810 1516 boc
831 1473 926 1514 rerum
948 1461 977 1512 ot
998 1455 1182 1514 ecclesiarum

49 1567 192 1620 nostrarum
214 1559 328 1622 difficili
350 1567 436 1622 statu.

112 1665 245 1725 Ceterum
274 1684 338 1726 oum
364 1684 440 1726 nuuc
468 1667 639 1741 Goeppiugae
666 1668 773 1738 degere
803 1682 853 1724 uos
879 1665 1105 1737 intelligamus,
1124 1663 1181 1734 ubi,
1208 1737 1213 1746 Ι

49 1775 166 1842 tauquam
187 1773 217 1830 in
240 1773 304 1830 loco
325 1771 496 1844 celebriore,
518 1778 637 1846 propter
658 1773 810 1830 multorum
836 1770 942 1828 ibidem
963 1770 1043 1828 varia
1070 1775 1100 1826 et
1126 1767 1182 1827 ire·

50 1875 219 1943 quentissima
247 1877 371 1945 itinera,
403 1893 454 1935 vos
482 1876 544 1953 (qui
571 1877 648 1936 baud
675 1876 760 1934 dubia
781 1893 798 1934 a
818 1876 948 1949 plurimis
969 1877 1130 1934 accuratius
1150 1889 1184 1932 ac

50 1974 170 2036 infensius
191 1979 402 2055 observamini)
424 1998 481 2038 non
508 1996 624 2052 prorsus
653 1982 714 2038 sine
735 1981 864 2052 periculo
886 1979 993 2037 uersari
1012 1979 1183 2052 judicamus,

50 2079 195 2155 hortamur,
226 2091 258 2140 ut
279 2084 347 2144 iude
368 2084 537 2144 secedentes
557 2087 586 2142 iu
608 2086 700 2142 locum
722 2086 847 2156 aliquem
867 2085 1003 2142 tutiorem
1025 2083 1110 2155 hujus
1131 2082 1183 2140 duu-

49 2193 115 2243 catus
133 2189 228 2246 uostri
250 2191 454 2261 commigretis.

114 2291 193 2352 Datae
219 2293 381 2366 Stutgardii
405 2298 455 2352 16ο
476 2295 628 2354 Februarii
649 2311 725 2353 anno
747 2301 802 2352 eto.
825 2295 885 2350 550.
927 2295 930 2306 '

115 2397 285 2457 Reuerendo
305 2397 384 2456 fideli
404 2416 438 2458 ac
465 2399 549 2458 uobis
575 2398 684 2460 dilecto
710 2399 801 2458 muido
822 2398 910 2455 Petro
931 2395 1022 2455 Paulo
1043 2397 1184 2468 Vergerio

53 2505 97 2557 eta
116 2505 247 2576 episcopo
269 2509 325 2562 eto.

588 2741 624 2795 23

335 2839 461 2926 Verger
483 2863 525 2905 au
549 2841 668 2925 herzog
691 2839 875 2923 Christoph.

366 2951 536 3026 Gbppiuger'r
559 2955 595 3010 19
615 2951 747 3011 Februar
770 2953 854 3009 1555.

109 3051 306 3124 Entschuldigt
329 3057 388 3111 sich
408 3073 507 3127 wagan
527 3057 576 3111 der
593 3055 623 3109 iu
642 3073 668 3109 u.
687 3055 722 3110 20
741 3053 799 3108 und
817 3053 851 3108 22
869 3051 1035 3108 erwlthuten
1054 3049 1182 3115 verlano,

56 3143 103 3197 uill
118 3146 284 3222 Gbppingen
302 3151 372 3207 bald
390 3153 531 3209 vorlassen
550 3151 609 3208 uud
620 3150 714 3214 bittet,
733 3150 792 3203 ihm
805 3147 885 3203 einen
898 3147 1005 3203 sicheru
1019 3145 1181 3202 auleuthalt

55 3244 219 3302 anzuwoisen.

120 3341 309 3402 illustrissime
327 3352 357 3403 ot
368 3346 616 3404 Excellentissimos
630 3337 768 3412 Princeps
784 3357 818 3398 ac
833 3343 953 3398 Domine
973 3341 1094 3398 Domine
1109 3339 1182 3398 Gra·

57 3441 209 3513 tiosissimet
838 3521 842 3528 ι

121 3551 223 3626 Accepi
242 3555 329 3614 bodie
350 3555 514 3627 etquidem
535 3555 588 3612 sub
609 3559 722 3612 noctem
739 3553 851 3610 litterae
874 3549 1058 3608 Celsitndiuis
1073 3549 1185 3608 Vestrae

58 3646 126 3707 datas
144 3655 187 3714 die
208 3656 287 3714 XVI.
328 3656 391 3714 Hoc
417 3672 484 3714 vero
514 3657 644 3728 inprimis
671 3660 840 3714 reverenter
866 3655 1050 3712 indicandum
1076 3655 1185 3727 putavi,

60 3767 111 3810 laur
130 3757 151 3814 si
169 3762 249 3832 prius
270 3763 452 3832 accepissem,
472 3764 552 3834 prius
573 3762 739 3834 paruissem.
780 3759 922 3817 Constitui
944 3761 1018 3839 enim
1040 3758 1114 3816 velle
1136 3774 1186 3816 au·

60 3853 110 3915 dire
128 3879 220 3923 uocem
236 3866 454 3940 jussionemque
478 3867 607 3939 ejusdem
628 3866 738 3924 Vestrae
763 3864 964 3933 Celsitudinis‚
986 3881 1072 3936 quum
1090 3862 1187 3935 sciam,

61 3973 110 4019 eam
129 3971 226 4039 spiritu
247 3971 303 4028 Dei
324 3974 386 4044 agi,
408 3979 508 4044 utpote
530 3989 628 4030 uocem
648 3973 737 4044 ipsius
758 3971 865 4028 domini
888 3969 942 4026 Dei
964 3969 1036 4039 mei,
1065 3970 1114 4040 qui
1134 3983 1187 4041 per

62 4078 87 4121 0⁸
102 4069 227 4132 Vestrum
247 4076 317 4134 mihi
337 4075 551 4154 demo[n]stret,
573 4077 642 4148 quid
664 4093 707 4135 me
728 4091 816 4149 agere
837 4080 978 4146 oporteat.
1015 4071 1188 4146 Respondeo

63 4165 135 4238 igitur
158 4177 194 4234 ad
217 4184 372 4250 utrumque
400 4187 502 4253 caput,
534 4195 579 4237 me
607 4179 672 4236 lriuo
698 4179 822 4236 crastino
847 4177 893 4235 die
915 4176 1103 4250 Nirtiugam¹
1130 4177 1187 4234 dis·

610 4300 624 4332 *

122 4391 132 4442 l
151 4390 314 4466 Nurtingan,
334 4393 483 4449 stbdtohen
501 4411 547 4448 am
566 4393 686 4458 Neokar,
706 4397 722 4446 6
741 4391 862 4448 stundeu
881 4407 937 4446 von
956 4378 1109 4459 stuttgart.

935 4490 950 4542 7
961 4489 976 4518 U
