2830 5072
777 349 841 410 288
1308 343 1362 398 1561

232 517 345 578 Vestrae
361 517 564 578 Illustriesime
582 517 753 577 celsitudini
769 517 934 592 significavi,
953 519 1007 578 boc
1023 524 1077 592 est,
1098 518 1134 578 de
1155 535 1202 578 me
1223 519 1363 592 ablegande

232 621 411 680 Tridentum.
452 621 510 681 Sed
531 637 598 680 ecce
619 620 683 678 beri
704 622 832 695 vesperi,
864 639 927 682 cum
952 625 1013 696 jorn
1039 623 1183 682 dedissem
1211 640 1259 683 me
1285 625 1363 697 quieti

233 729 391 798 comparuit
412 729 535 786 servitor
556 727 730 786 domesticus
751 728 881 800 ejusdem
902 729 930 786 d.
952 728 1055 801 legati,
1077 731 1125 803 qui
1146 730 1263 788 litteras
1282 729 1316 787 ed
1332 746 1363 787 me

233 832 340 904 attulit,
362 838 393 891 et
413 831 545 906 quaedam
565 832 627 906 ipse
649 832 759 904 retulit,
780 834 822 892 ite
842 833 872 890 in
893 851 1016 906 summa,
1032 841 1065 894 ut
1086 815 1244 907 cutequam
1265 849 1363 906 respon·

234 937 318 996 dcam
338 943 368 997 et
387 937 469 994 illurn
490 937 642 1004 dimittam,
664 935 776 996 videam
793 953 911 996 necesse
932 954 1005 1010 esse,
1026 944 1058 996 nt
1079 945 1194 1011 egomet
1215 945 1364 998 reverenter

234 1057 297 1102 cum
319 1041 423 1100 Vestro
443 1040 640 1100 Illustriesime
661 1039 838 1100 Celsitudine
864 1041 1013 1114 colloquar
1033 1047 1063 1100 et
1089 1043 1241 1102 consilium
1267 1044 1363 1116 capitu.

236 1148 331 1220 Quare
352 1145 447 1206 eidem
467 1145 614 1217 supplico,
646 1151 678 1204 nt
706 1145 843 1218 dignetur
868 1145 939 1204 mibi
966 1147 1062 1205 statim
1082 1162 1137 1220 per
1156 1147 1330 1218 peculiarem
1345 1153 1364 1204 et

234 1254 358 1312 celerem
379 1251 510 1310 nuntium
538 1248 715 1323 significare,
746 1267 870 1322 quonam
895 1233 966 1308 mibi
992 1251 1166 1310 veniendum
1192 1253 1247 1324 sit3
1278 1252 1361 1310 vellen

234 1356 387 1428 accedere,
409 1361 440 1414 et
460 1359 579 1427 accepto
599 1354 729 1428 ejusdem
752 1354 886 1426 consilio,
915 1354 1066 1414 remittere
1087 1355 1162 1413 hunc
1182 1357 1324 1416 bominem
1339 1355 1364 1413 el

234 1465 316 1520 suum
335 1461 477 1533 legatum,
506 1460 555 1533 qui
574 1458 696 1517 Viennae
717 1464 769 1516 est.
811 1457 910 1517 Gaesar
928 1458 1045 1518 videtur
1072 1475 1178 1531 cupere
1206 1459 1301 1536 (quod
1325 1476 1364 1518 non

235 1565 387 1625 credebam
408 1557 565 1638 futurum),
592 1569 626 1622 ut
646 1562 816 1622 Tridentum
844 1557 979 1622 accedam
1005 1570 1035 1622 et
1056 1563 1214 1622 cardinalis
1235 1562 1365 1622 Mantuae¹

233 1669 451 1741 multomagis,
482 1668 550 1742 quin
576 1673 606 1726 ct
630 1667 816 1726 antichristus
842 1665 942 1742 ipse'3
973 1668 1086 1742 reliqua
1112 1659 1210 1726 coram
1235 1685 1364 1742 exponam

234 1774 409 1836 commendo
435 1790 481 1832 me
508 1778 677 1831 reverenter
704 1771 877 1830 celsitudini
897 1771 1009 1831 Vestrae
1028 1772 1238 1832 illustrissimae
1265 1780 1296 1833 et
1316 1775 1364 1832 illu·

130 1931 134 1939 .
234 1879 421 1945 citissimo-d.
443 1877 624 1953 Bipontinol.
658 1875 792 1936 Ooelestis
813 1877 901 1936 Pater
921 1883 1027 1950 augeat
1047 1877 1164 1950 utrique
1185 1896 1253 1938 suos
1275 1880 1364 1938 divim

233 1989 394 2054 thesauros,
415 1982 547 2058 spiritum
567 1987 598 2041 ct
618 1980 704 2042 fidem
724 1998 777 2054 per
798 1980 944 2042 Christum
965 1981 1112 2042 dominum
1133 1989 1276 2044 nostrum.

312 2099 451 2172 Tubiugae
473 2100 492 2154 4
511 2095 690 2168 Septembris
714 2097 798 2156 1561.

389 2204 594 2264 Illustriesime
614 2201 801 2263 Oeleitudinis
820 2201 934 2262 Vestrae
958 2203 1230 2263 observantissimus

1136 2308 1304 2382 Vergerins.

777 2570 841 2629 126.

542 2696 668 2786 Verger
690 2723 733 2766 eu
755 2700 872 2786 herzog
897 2699 1080 2786 christoph„

552 2830 702 2905 Ttbiugen
726 2833 762 2888 14
783 2830 954 2905 September
977 2833 1085 2890 1561..

303 2955 432 3009 Antvvorl
458 2949 509 3007 auf
532 2951 595 3006 eine
619 2952 736 3022 enirage
755 2951 920 3022 Christopbs
946 2952 976 3006 iu
1001 2951 1105 3006 betreff
1126 2952 1176 3007 des
1202 2951 1302 3008 concile
1320 2966 1365 3004 von

232 3055 350 3110 Mantua
370 3050 427 3105 und
445 3067 503 3104 was
522 3049 637 3104 Sleidan
664 3049 784 3105 deriiber
808 3050 951 3115 berichte;
978 3048 1166 3105 nechrichten
1193 3067 1243 3104 am
1261 3047 1369 3107 Italico,

232 3151 319 3206 bittet
337 3167 384 3202 um
403 3147 448 3202 die
467 3143 623 3208 erlaubniss,
644 3144 694 3199 das
712 3143 768 3198 bed
786 3142 816 3196 in
835 3143 1005 3214 Gbppiugen
1024 3143 1166 3198 besucheu
1185 3159 1220 3194 zu
1238 3140 1339 3196 diirfen.

310 3243 507 3303 Illustriesime
528 3240 666 3314 Princeps
687 3245 718 3298 et
737 3240 859 3298 Domine
880 3241 1004 3298 Domine
1025 3240 1269 3300 clementissime!

311 3349 419 3420 Accepi
442 3349 493 3408 bec
514 3349 577 3420 ipse
597 3347 669 3405 hora
689 3345 894 3404 Illustriesime
916 3345 1100 3405 Oelsitudinis
1122 3346 1236 3406 Vestrae
1256 3347 1367 3408 litteras,

234 3455 337 3531 quibus
357 3455 454 3513 stetim
475 3451 651 3524 respondeo,
678 3468 723 3510 me
750 3451 831 3510 nulle
858 3451 967 3523 scripta
986 3451 1094 3511 habere
1116 3452 1152 3511 de
1173 3449 1327 3510 indictione
1347 3452 1370 3504 et

800 3593 815 3626 ss

233 3705 320 3778 gierig
338 3705 390 3758 mit
408 3703 514 3758 seinem
532 3703 750 3772 mitgesundtcn,
770 3703 832 3758 Joh.
846 3703 935 3758 Franz
949 3685 1163 3771 Commendone,
1182 3723 1243 3760 zum
1259 3701 1371 3757 ffireten·

231 3795 283 3865 teg
300 3791 373 3848 nach
393 3790 568 3861 Naumburg,
588 3809 607 3846 s.
622 3790 715 3846 Stiilin
735 3791 783 3855 IV,
805 3791 864 3846 588.
885 3792 921 3844 Er
940 3791 1020 3847 hatte
1039 3792 1168 3861 augleich
1187 3794 1241 3847 den
1256 3789 1370 3858 suffrag.

236 3881 291 3936 den
312 3879 427 3935 versucb
447 3897 480 3932 zu
498 3895 613 3948 wegen,
638 3879 745 3950 Verger
769 3880 798 3932 in
823 3879 877 3934 den
896 3878 982 3935 scholi
1001 3879 1049 3934 der
1067 3879 1261 3935 katholiechen
1278 3875 1373 3929 kircbe

233 3968 482 4024 aurdckzuidhren.
514 3967 624 4038 Verger
642 3967 751 4022 schrieb
764 3985 801 4022 an
818 3966 885 4022 ihn:
903 3967 938 4022 Al
951 3968 1094 4023 reverend.
1105 3968 1242 4038 monsigu.
1258 3963 1372 4018 Delfine.

234 4055 327 4127 Serap.
347 4057 390 4110 98.
408 4074 435 4110 ιι.
456 4056 514 4110 109.
551 4055 577 4110 S.
597 4056 638 4110 br.
657 4074 684 4110 n.
705 4057 764 4110 110.
785 4057 842 4111 126.
864 4057 922 4111 180.

303 4144 470 4199 1Hercules
489 4143 629 4213 Gonaegc,
649 4161 669 4198 s.
689 4145 734 4200 br.
753 4161 779 4200 n.
799 4145 841 4199 88.

303 4231 364 4286 28.
383 4249 411 4285 ιι.
431 4231 472 4284 el.
508 4230 574 4285 Pius
591 4231 639 4286 IV.

303 4318 320 4372 3
338 4319 395 4373 Der
412 4317 557 4388 pfalugref
566 4317 721 4391 Woligang
740 4334 795 4375 von
814 4318 1014 4375 Zweibriiclrcn
1034 4335 1094 4374 vvar
1111 4320 1165 4374 mit
1181 4317 1278 4386 herzog
1299 4311 1374 4370 Obri-

232 4403 341 4475 steph
333 4421 373 4458 rm
390 4403 448 4460 bod
467 4403 682 4478 depingen
821 4425 822 4428 ¹
990 4436 993 4444 ·
