2862 5080
1315 377 1367 430 1562

234 547 425 608 considerare
443 547 580 622 scriptum
598 549 770 622 inclusum²;
794 549 897 630 dietari
920 551 993 608 enirn
1015 549 1142 610 fideliter
1160 557 1190 612 et
1210 551 1366 624 simpliciter,

234 661 365 728 optarem
386 657 482 711 nutem
505 651 541 728 (si
563 653 656 712 eidem
673 651 967 713 Oelsitudiniiestrae
989 654 1146 731 uidebitur)
1168 673 1329 730 responsum
1347 665 1368 714 et

234 758 317 826 seire,
338 757 474 832 quidnam
494 757 563 816 mibi
583 759 725 830 agendum
746 757 882 816 fueritin
905 758 959 817 beo
980 775 1075 832 eausa,
1097 777 1164 818 nam
1177 767 1259 818 reete
1272 760 1368 818 domun

235 862 369 933 redirem,
391 863 414 920 si
436 861 477 920 illi
493 861 650 934 uideretur,
672 863 799 936 alioquin
822 879 878 921 non
899 879 1000 922 recuso
1022 863 1149 923 laborem
1172 871 1260 939 atque
1279 867 1367 922 ineon·

234 966 320 1024 mode
340 969 369 1024 in
389 983 454 1026 mea
468 968 521 1025 bae
536 973 694 1046 senectute,
715 967 878 1040 presertim
895 968 1013 1042 notendo
1033 970 1130 1042 egitur
1141 969 1178 1028 de
1188 971 1281 1042 gloria
1290 969 1339 1028 Dei
1347 975 1369 1028 ot

235 1069 439 1130 Illustrissimae
455 1069 642 1130 Celsitndinis
653 1071 766 1130 Vestrae
787 1072 936 1130 commodo
958 1079 1044 1146 utque
1065 1072 1189 1146 honore;
1212 1073 1368 1146 exspectabo

235 1191 303 1247 ergo
325 1191 503 1248 responsum,
525 1177 548 1233 si
569 1177 609 1234 ite
631 1175 806 1234 videbitu1··.
848 1177 876 1234 ls
897 1178 946 1249 qui
967 1177 1082 1236 litteras
1102 1177 1200 1249 affert,
1224 1185 1269 1236 est
1288 1195 1319 1235 ex
1336 1176 1367 1236 ia·

232 1279 391 1338 milioribus
411 1281 490 1348 meis,
513 1281 569 1352 qui,
591 1295 655 1338 eum
676 1279 812 1339 inciderit
833 1267 1027 1352 innuendam
1044 1282 1254 1355 aegritudinem,
1274 1281 1368 1342 confert

233 1399 264 1441 se
286 1382 444 1456 Tubingem
466 1383 503 1442 ed
524 1383 652 1442 thermas
673 1383 762 1442 Blasii
775 1382 795 1442 ⁸.
837 1385 932 1457 Quare
953 1402 1010 1444 non
1038 1392 1219 1458 revertetur,
1250 1387 1299 1463 sed
1322 1387 1366 1444 ele-

233 1489 342 1546 mentia
356 1487 543 1547 celsitudinis
558 1473 669 1546 Vestrae
688 1489 824 1562 dignetur
845 1505 932 1546 unum
954 1505 988 1546 ex
1009 1490 1067 1546 suis
1087 1491 1250 1550 tabellariis
1270 1491 1367 1548 mittere

235 1591 350 1650 Curiam
371 1607 481 1665 nsque,
514 1598 559 1650 est
584 1592 659 1650 enim
691 1599 815 1666 quatuor
835 1593 1042 1664 diernmiter,
1075 1602 1104 1652 et
1124 1611 1177 1666 per
1197 1612 1263 1653 eum
1283 1595 1317 1653 ad
1334 1613 1367 1652 me

234 1694 361 1754 seribere
382 1701 412 1754 et
433 1695 502 1755 dare
523 1697 708 1770 consiliunt,
741 1697 897 1756 debeamne
925 1699 1046 1756 ulterius
1077 1699 1124 1757 bie
1154 1705 1318 1772 exspectare
1341 1718 1367 1759 an

235 1816 303 1859 vero
324 1799 484 1874 'subiugum
505 1801 623 1869 redire,
655 1815 717 1860 enm
739 1801 850 1860 scilieet
869 1818 959 1876 usque
987 1803 1023 1860 ad
1051 1800 1157 1861 festum
1177 1803 1314 1880 lobannis
1330 1823 1368 1864 eu·

236 1911 412 1992 spectavere,
434 1923 499 1964 nam
520 1923 610 1980 nsque
631 1906 667 1965 ad
688 1906 760 1964 illud
780 1913 893 1979 tempus
914 1908 1049 1966 constitui
1071 1915 1259 1981 exspectare,
1287 1913 1308 1968 si
1325 1909 1369 1968 ior-

236 2011 319 2068 tussis
339 2011 396 2069 hue
416 2013 492 2083 regis
514 2011 671 2070 Galliarum
692 2014 805 2083 legatus
825 2013 985 2070 adveniret.

312 2116 461 2175 Praeterea
482 2116 618 2187 dignetur
638 2117 707 2174 mibi
735 2117 902 2188 subvenire,
934 2135 996 2175 eum
1025 2119 1099 2175 enim
1127 2117 1223 2176 tribus
1244 2118 1368 2176 mensibus

235 2218 375 2277 abfuerim
398 2226 428 2278 et
439 2221 529 2278 multe
542 2220 610 2278 mihi
624 2221 805 2293 contigerint,
828 2221 1013 2294 quamobrem
1027 2223 1120 2295 plura,
1135 2239 1223 2295 quern
1234 2227 1367 2295 putassem,

234 2322 354 2382 inerunt
383 2323 592 2398 impendenda,
623 2325 763 2383 consumsi
799 2324 955 2395 dooentos,
994 2341 1063 2398 quos
1094 2325 1164 2383 mibi
1192 2327 1367 2384 illustrissima

236 2427 384 2486 celsitudo
406 2427 510 2486 Vestra
531 2428 612 2486 dedit
640 2443 692 2500 pro
719 2445 770 2487 sno
794 2428 993 2500 benignitate,
1024 2417 1170 2500 florenos,
1202 2420 1246 2488 iod
1272 2434 1302 2487 ut
1325 2443 1366 2485 non

233 2547 346 2603 possem
373 2548 418 2590 me
445 2532 512 2591 hine
543 2533 704 2600 redimere,
735 2534 789 2591 nisi
817 2533 946 2604 ejusdem
976 2532 1181 2592 illustrissimae
1202 2532 1366 2592 Gelsitudinis

233 2635 505 2695 Vestrae'eonsneto
526 2637 618 2708 pietas
639 2636 888 2705 meliberurerit,
916 2636 990 2710 quod
1019 2653 1070 2694 orn
1091 2653 1144 2708 per
1166 2637 1322 2704 Christum,
1344 2639 1367 2691 ut

237 2737 324 2798 faeiat
335 2739 353 2797 ⁰.

312 2843 493 2902 Tabellarins
513 2845 641 2904 inveniet
662 2845 757 2902 me‘in
779 2843 888 2902 aedibus
910 2844 1017 2902 domini
1044 2843 1194 2902 Ambrosii
1212 2847 1299 2904 Marti
1316 2845 1366 2903 bur·

234 2931 395 3021 ‘gimagistri
416 2947 571 3007 curiensis.

314 3053 488 3112 Commendo
509 3071 554 3112 me
580 3061 751 3112 reverenter
772 3055 883 3112 Venitne
905 3054 1105 3112 illustrissimae
1128 3038 1311 3125 Celsitudini,
1331 3069 1367 3110 oo·

235 3173 306 3228 gans
326 3158 442 3217 Putrem
466 3158 621 3227 coelestem,
643 3167 674 3216 ut
689 3159 732 3216 iili
748 3165 854 3231 augeat
867 3159 1055 3218 snosdivinos
1071 3161 1235 3229 tiresum-oe,
1256 3159 1367 3232 spiritum

236 3266 267 3318 et
287 3259 371 3319 fidem
393 3271 446 3335 per
468 3263 612 3322 Christum
634 3263 778 3322 dominum
799 3269 937 3322 nostrum.

222 3457 231 3462 ..
317 3381 411 3441 (inriae
432 3386 597 3444 Rhoeteium
620 3389 658 3444 20
679 3387 750 3444 Maii
774 3389 857 3445 1562.

463 3490 669 3550 illustrissimae
692 3491 878 3550 Celsitudinis
901 3492 1012 3550 Vestrae
1033 3493 1157 3550 servitor·

1142 3596 1301 3668 Vergerins.

307 3721 599 3794 ibatndbemerkungen
618 3739 672 3778 von
692 3725 739 3780 des
758 3726 875 3794 herzogs
895 3726 984 3778 hand:

307 3828 323 3862 a
344 3809 405 3862 Hah
425 3812 483 3865 sein
500 3815 515 3864 2
529 3811 674 3866 schreiben
688 3813 883 3883 ennbpfungen
898 3831 951 3866 von
964 3813 1038 3866 datis
1050 3814 1105 3866 den
1119 3813 1153 3865 20
1165 3813 1239 3882 May,
1256 3809 1304 3864 hab
1318 3805 1369 3858 ime

235 3913 319 3949 zuvor
338 3897 389 3950 arri
405 3897 481 3952 seine
501 3898 647 3953 sehreibea
667 3903 823 3954 nnnbwnrbt
849 3901 939 3970 g'eben
965 3901 999 3954 de
1025 3900 1091 3954 dabo
1118 3901 1169 3964 22,
1199 3899 1251 3952 und
1274 3893 1369 3950 eolohes

802 3999 815 4030 ss

310 4071 322 4122 1
343 4069 370 4123 S.
389 4089 415 4123 n.
436 4075 486 4128 155
497 4091 522 4127 a.

306 4155 474 4212 tsstesibud
496 4160 527 4218 ³lr
547 4161 666 4216 ebnnden
686 4179 740 4216 von
759 4163 908 4230 Tiibingen
928 4163 1060 4216 entiernb.

307 4246 323 4298 3
343 4242 394 4297 Die
415 4245 591 4316 bemerkung
604 4247 772 4317 Bullingers,
792 4249 906 4303 derum
926 4247 1048 4302 dieselbe
1068 4248 1123 4302 zeii
1142 4247 1252 4309 sehrieb,
1270 4241 1368 4310 berger

234 4337 274 4391 sei
292 4336 338 4391 ein
357 4333 438 4388 itbler
456 4333 629 4399 huushelter,
651 4335 767 4390 vertiefe
787 4335 846 4391 sieh
867 4335 897 4388 in
915 4333 1051 4389 sohulden
1070 4336 1133 4400 ebe,
1153 4335 1242 4405 Meyer
1257 4330 1289 4391 Il.
1306 4327 1368 4388 247,

234 4440 293 4482 war
312 4421 392 4481 nieht
412 4437 483 4488 gurm
503 4419 708 4494 unbegriindet,
