2830 5078
49 372 107 428 1558
576 379 634 440 179

48 545 154 604 liliorum
172 549 201 606 in
222 547 349 620 linguam
370 547 510 606 Slavicam
520 545 538 604 ¹.
578 545 643 604 Non
665 551 710 605 est
730 545 861 618 dubium,
892 551 960 623 quin
980 549 1010 607 in
1030 549 1087 608 illis
1107 565 1173 622 pro·

46 644 132 706 linaiis
153 649 208 708 sint
228 665 334 723 magna
358 651 441 708 initia
461 664 537 707 verae
563 647 693 722 pietatis;
721 649 792 707 illud
823 667 891 710 vero
915 652 1054 726 imprimis
1079 653 1174 723 lando,

48 752 109 824 quod
128 764 224 812 omnes
245 753 396 829 (quantum
417 755 498 826 potui
519 753 599 812 brevi
621 758 751 825 ternpore
780 753 893 830 videre)
923 761 991 814 sunt
1017 757 1174 815 concordes

46 857 69 912 in
87 857 208 917 omnibus
228 859 367 927 articulis,
388 875 482 931 neque
504 859 555 916 ulli
575 860 691 916 sectarii
713 867 861 932 apparent.
902 860 981 919 Deus
1003 863 1101 920 cosin
1123 861 1175 919 tali

48 967 109 1018 statu
127 969 286 1020 conservet.
317 962 352 1020 D.
369 961 564 1035 Volphangus,
585 961 655 1020 baro
676 961 712 1020 ab
734 965 914 1036 Auspergen,
936 963 1079 1036 migravit,
1100 965 1175 1022 bona

51 1063 209 1124 conlessione
231 1067 319 1138 edita,
341 1066 377 1123 ad
398 1066 561 1125 Dominum.

108 1147 328 1242 Nusquamiuit
348 1185 472 1242 unquam
493 1175 575 1228 tante
592 1171 621 1226 in
636 1171 700 1243 pios
714 1171 886 1243 persecutio,
908 1177 1016 1244 quanta
1036 1187 1111 1230 nunc
1131 1175 1176 1230 est
1213 1201 1216 1208 »

48 1272 179 1345 loistris,
202 1273 299 1346 patria
318 1290 382 1331 mea
403 1281 433 1332 et
452 1273 483 1330 in
503 1273 580 1332 Foro
601 1271 695 1346 Julio,
726 1289 829 1346 nempe
850 1273 878 1330 in
901 1274 1010 1332 ditione
1032 1275 1059 1332 d.
1081 1273 1175 1334 Vene-

47 1381 132 1434 torum.
172 1377 250 1448 Quid
271 1375 390 1434 multis?
430 1376 594 1450 Rapiuntur
624 1377 653 1432 in
682 1391 827 1434 carcerem
856 1379 1060 1450 consanguinei
1088 1384 1175 1452 atque

45 1479 83 1534 elii
101 1481 151 1537 mei
172 1481 278 1552 amici,
310 1480 450 1538 duntaxat
471 1480 538 1554 quia
563 1481 718 1538 voluerunt
745 1497 790 1538 me
820 1481 963 1554 invisere,
995 1497 1059 1540 cnm
1085 1498 1178 1554 nuper

46 1598 120 1640 essem
139 1585 169 1642 in
190 1585 249 1643 illis
277 1583 444 1642 confinibus.
486 1583 566 1642 Deus
593 1584 734 1658 reprimat
761 1585 840 1643 illam
868 1591 978 1652 tantam
998 1585 1176 1643 Venetorum

45 1686 144 1760 rabiem,
167 1706 234 1762 quae
255 1696 350 1748 tamen
371 1705 427 1748 non
449 1695 527 1747 esset
547 1696 637 1758 tanta,
659 1691 682 1747 si
703 1706 759 1747 non
780 1705 798 1746 a
819 1689 899 1762 Papa
919 1689 1136 1749 accenderetur.

108 1792 261 1865 Exspecto,
283 1799 315 1850 ut
331 1793 527 1850 illustrissima
539 1792 686 1850 eelsituoo
697 1793 802 1851 Vestra
822 1791 957 1866 dignetur
976 1793 1121 1862 mandare,
1146 1797 1177 1850 ut

46 1898 196 1955 remittatur
215 1898 286 1954 milri
306 1896 421 1954 libellus
441 1913 526 1955 manu
548 1897 670 1971 scriptus
686 1897 721 1954 de
737 1899 822 1955 missu
835 1905 937 1955 autore
953 1897 981 1954 d.
993 1896 1176 1972 sigismundo

47 1997 138 2060 barone
161 1999 393 2072 emicuissent,
414 2017 499 2074 quem
520 2007 586 2059 ante
608 2001 718 2072 aliquot
739 2001 801 2060 dies
821 2001 885 2064 misi
906 2017 964 2060 una
984 2018 1049 2058 cum
1065 2000 1177 2073 judicio

45 2105 160 2174 ejusdem
180 2105 352 2163 celsitudini
375 2104 495 2163 Vestra.
536 2103 611 2163 Nam
638 2107 662 2162 si
682 2105 829 2164 videbitur
857 2103 975 2177 dignus,
1004 2105 1052 2178 qui
1078 2105 1177 2175 impri-

46 2213 133 2283 matur,
155 2209 228 2267 bene
250 2208 381 2281 quidem,
404 2209 446 2266 sio
467 2211 569 2280 minus,
591 2209 742 2267 dimittam.

107 2313 142 2371 D.
163 2312 336 2384 Phauserus,
358 2312 532 2371 serenissimi
554 2314 632 2386 regis
653 2312 842 2372 Maximiliani
857 2311 1057 2386 concionator,
1078 2328 1109 2370 se
1130 2328 1177 2370 re-

47 2425 166 2476 verenter
190 2418 303 2476 Vcstrae
324 2416 537 2475 illustrissimae
563 2417 734 2476 Celsitudini
763 2419 952 2476 commendat.
995 2417 1079 2488 Quod
1108 2413 1178 2476 facit

46 2536 143 2594 quoqne
163 2522 190 2579 d.
211 2520 368 2580 Scolichius
380 2520 404 2592 ⁸,
427 2521 464 2580 ed
489 2539 575 2594 quern
595 2521 671 2580 idem
693 2523 892 2580 serenissimus
912 2539 965 2580 rex
986 2539 1077 2595 nuper
1096 2523 1178 2581 dedit

45 2623 142 2682 litteras
161 2627 397 2697 gratiosissimas,
419 2627 475 2684 imo
497 2625 575 2684 misit
595 2627 683 2684 etiam
703 2627 886 2699 pensionem,
908 2626 962 2682 hoc
983 2632 1027 2684 est
1047 2627 1105 2683 300
1125 2625 1177 2684 ilo·

47 2741 130 2801 renos,
157 2746 228 2802 quos
255 2731 311 2816 ipsi
338 2729 498 2788 discedenti
518 2731 699 2801 promiserat.
741 2729 828 2788 Certe
849 2729 964 2787 videtur
985 2745 1050 2786 eum
1071 2745 1177 2787 amare.

108 2833 192 2893 Mitto
212 2851 308 2893 meum
328 2839 462 2908 nepotem
482 2834 521 2892 ad
540 2836 645 2908 aulam,
666 2841 779 2894 tantum
800 2840 832 2892 ut
852 2833 958 2906 videat,
979 2851 1016 2892 an
1036 2833 1174 2892 Illustris·

46 2938 105 2996 sima
122 2937 269 2998 celsitudo
290 2938 394 2996 Vestra
413 2939 550 3013 dignetur
571 2939 729 2998 concedere
751 2939 796 3011 id,
824 2939 901 3013 quod
921 2941 951 2997 in
972 2938 1085 2998 inclusa
1105 2955 1171 3009 sup-

45 3041 184 3111 plicatione
213 3043 387 3102 continetur.
436 3042 604 3102 Certissime
632 3041 762 3115 affirmo,
794 3043 902 3102 nullum
933 3041 1021 3102 alium
1049 3041 1178 3100 futurum

47 3160 117 3203 usum
134 3147 232 3206 talium
253 3147 417 3205 litterarum
437 3149 606 3220 patentium,
629 3163 713 3221 quam
734 3154 766 3205 ut
786 3147 892 3206 eximat
912 3163 943 3204 se
964 3163 982 3204 a
1001 3163 1104 3220 magno
1125 3145 1177 3204 ali·

48 3229 98 3319 qno
113 3249 175 3308 ritae
195 3249 335 3322 periculo,
357 3249 433 3322 quod
454 3256 574 3322 propter
594 3250 766 3322 religionem
785 3248 860 3308 forte
882 3252 1053 3308 incurreret.
1085 3249 1176 3322 Spero

49 3352 112 3409 enim
129 3353 202 3412 hunc
221 3371 318 3412 meum
338 3359 472 3426 nepotem
493 3371 557 3412 esse
578 3353 693 3412 fidelem
716 3361 745 3412 et
765 3353 894 3426 probum,
916 3354 991 3412 addo
1007 3355 1094 3413 etiam
1109 3371 1178 3428 pru-

49 3453 156 3530 dentem,
176 3465 316 3530 qnantum
342 3465 412 3516 aetas
438 3459 559 3531 patitur.
601 3457 775 3516 Commendo
801 3475 846 3516 me
875 3465 1045 3516 reverenter
1065 3457 1177 3517 Vestrae

50 3557 224 3623 Dominntioui
244 3561 461 3620 Illustrissimae.

116 3691 246 3764 Tubingae
267 3676 315 3750 die
339 3693 374 3748 16
395 3689 474 3748 Junii
494 3707 570 3748 anno
593 3691 677 3748 1558.

187 3813 374 3873 celsitudinis
395 3813 506 3895 Vestrae
527 3813 731 3872 illustrissimae
752 3811 1022 3870 observantissimus

930 3934 1099 4005 Vergerius.

481 4052 487 4058 ·
589 4045 605 4078 ἑ

110 4131 199 4204 lvgt.
218 4152 245 4188 n.
266 4135 309 4188 15.

109 4219 200 4288 2ng
219 4237 245 4274 n.
264 4220 308 4274 64.

110 4305 203 4375 augi.
222 4325 249 4360 n.
268 4309 311 4360 ol.
