2830 5078
91 337 138 391 lost

86 513 181 572 labent
201 512 289 572 dandi
311 531 346 573 eo
367 515 477 586 pretio,
510 515 666 586 recusavit,
699 520 729 574 et
750 515 829 588 plns,
862 515 1060 590 nescioquo,
1088 515 1206 590 petiisse

85 617 142 676 risus
159 622 212 676 est.
1189 635 1210 699 j

140 721 209 780 Haec
229 738 292 780 cum
318 727 418 794 postea
444 723 641 794 rescivissem,
669 725 766 795 putavi
794 723 831 782 ad
860 724 979 784 eundem
1002 723 1206 782 celsitudinem

80 827 192 885 Vestram
212 826 406 896 scribendum,
439 835 468 888 et
495 830 573 902 ipsas
599 829 691 902 pelles
718 827 897 900 offerendas,
925 839 955 888 et
975 830 1064 902 gratis
1085 833 1114 886 et
1134 843 1204 900 quo·

77 949 169 1005 cunque
189 933 311 1006 ipsamet
332 931 402 990 uelit
421 929 526 1004 pretio,
548 947 597 990 eas
617 931 715 1006 itaque
736 947 830 1002 servo,
852 932 897 990 cui
919 925 992 990 mibi
1008 929 1097 990 fuerit
1116 931 1203 1004 scrip·

77 1042 127 1103 tun,
145 1036 330 1107 consignabo.
372 1034 436 1093 Non
458 1050 532 1106 nego
552 1038 658 1103 eutem,
679 1034 730 1092 sed
751 1035 875 1106 ingenue
898 1035 1005 1105 fateor,
1026 1033 1113 1094 tuisse
1134 1034 1203 1092 mihi

77 1139 177 1198 donatas
197 1138 316 1214 abipso
343 1138 525 1196 serenissimo
552 1153 621 1210 rege
653 1143 682 1196 et
711 1137 747 1194 ab
774 1137 968 1198 illustrissimo
994 1138 1122 1210 palatino
1143 1138 1203 1196 Vil-

74 1247 157 1317 lensi,
189 1250 298 1316 emptos
325 1259 395 1302 vero
419 1241 508 1300 tuisse
536 1242 636 1300 eodem
665 1240 726 1300 iere
755 1244 849 1316 pretio
870 1243 959 1318 (quod
979 1241 1096 1318 rescivi)
1117 1243 1202 1316 quale

72 1365 134 1407 nens
155 1349 290 1422 petierat.
323 1347 378 1405 Sed
393 1347 465 1406 nibil
481 1349 611 1416 interest,
634 1347 702 1408 nibil
725 1363 829 1415 moror,
850 1354 930 1406 tanto
945 1347 1081 1436 libentius
1091 1345 1203 1405 Vestrae

71 1453 261 1512 illustrissimae
282 1450 462 1523 celsitudini,
484 1451 528 1508 cui
550 1451 645 1510 omnia
665 1451 767 1522 debeo,
789 1451 926 1523 concedo,
948 1452 1075 1526 supplico
1095 1456 1200 1522 autem,

70 1577 97 1616 ne
115 1575 189 1630 segre
210 1556 286 1616 forat
306 1573 358 1630 pro
380 1571 431 1614 sua
452 1555 616 1627 clementia,
644 1555 668 1614 si
688 1572 769 1614 meus
790 1559 919 1624 nuntius,
951 1556 1081 1614 nesciens
1102 1555 1200 1614 volun-

70 1669 144 1720 tatem
165 1678 273 1732 meam,
295 1667 327 1719 ut
349 1661 424 1728 dixi,
454 1659 597 1718 recusavit
617 1659 701 1732 dare3
734 1667 813 1720 certe
834 1661 857 1717 si
879 1661 966 1720 vitam
986 1659 1199 1732 profunderem,

69 1766 150 1825 adhuc
170 1783 225 1824 non
247 1766 317 1824 satis
337 1764 460 1824 facerem
482 1765 592 1824 meritis
609 1764 720 1824 Vostrae
740 1766 944 1824 illustrissime
966 1763 1151 1824 Oelsitudiuis
1170 1765 1200 1822 iu

69 1886 113 1928 me.
154 1872 297 1943 Exspecto
319 1871 445 1942 litteras,
478 1876 509 1928 ut
530 1869 604 1941 dixi,
635 1870 736 1944 quibus
757 1870 825 1928 mibi
846 1871 1013 1940 mandetur,
1041 1869 1199 1928 debeamne

67 1976 147 2034 isthuc
167 1975 292 2047 mittere,
314 1975 358 2034 vel
374 1976 420 2033 hic
434 1973 572 2047 praelecto
594 1976 638 2034 vel
655 1975 741 2034 alicui
757 1976 934 2048 consignare.
956 1973 1031 2047 quod
1056 1973 1197 2047 supplico;

65 2084 137 2152 cupio
161 2083 236 2140 enim
257 2079 336 2151 dare,
358 2096 393 2138 ne
413 2081 543 2153 ingratus
563 2079 672 2138 videar.

129 2186 213 2245 Rodii
234 2185 463 2245 nudiustertius
485 2201 521 2242 ex
541 2185 717 2242 monasterio
738 2184 974 2244 Bebenhausensi
987 2184 1011 2256 ¹;
1042 2199 1097 2255 ago
1121 2199 1196 2240 sum-

64 2307 114 2348 mas
134 2292 242 2364 gratiss
264 2288 436 2350 Celsitudini
453 2289 574 2361 Vestrae,
595 2287 704 2361 profuit
724 2290 793 2347 mihi
813 2290 934 2348 mutatio
955 2292 1039 2357 seris,
1061 2288 1197 2362 quemad·

61 2395 164 2454 modum
185 2412 278 2469 spero,
300 2393 483 2467 profuturum
504 2393 588 2466 mibi,
610 2394 687 2466 quod
707 2395 896 2470 Reittlingam
915 2395 1011 2468 cogito
1031 2393 1126 2463 adire;
1156 2393 1196 2451 ibi

60 2501 126 2557 enim
145 2516 260 2572 possum
281 2500 456 2558 commodius
477 2515 629 2571 exercere,
651 2516 735 2574 quarn
756 2500 894 2572 Tubingae
921 2505 1041 2574 propter
1060 2497 1195 2572 frequen·

59 2603 117 2662 bam
138 2606 339 2665 studiosorum.

34 2776 38 2786 ,
128 2710 226 2785 Agunt
247 2727 357 2770 mecum
379 2713 489 2782 gratias
517 2711 543 2770 d.
565 2711 682 2770 Litnani
712 2717 741 2770 et
761 2707 931 2783 Rutheni',
963 2711 1010 2783 qui
1038 2711 1137 2782 ajunt,
1162 2725 1193 2768 se

57 2815 269 2874 clementissime
290 2821 321 2876 et
340 2816 539 2874 liberalissime
567 2814 655 2876 fuisse
683 2820 835 2887 exceptos,
864 2832 921 2889 qua
948 2815 984 2872 de
1004 2831 1037 2872 re
1058 2813 1194 2885 scripturi

57 2920 164 2977 suntin
187 2921 318 2993 patriam.

128 3025 192 3084 Misi
214 3026 300 3084 hodie
321 3043 408 3084 uuum
430 3043 465 3084 ex
486 3029 558 3086 meis
578 3026 752 3101 Laoiugam,
781 3044 837 3100 quo
868 3025 953 3084 audio
974 3023 1080 3082 bonum
1100 3022 1192 3080 Phau-

55 3131 168 3187 serum⁸
187 3131 354 3199 advenisse,
385 3131 502 3189 invitavi
530 3131 687 3200 hominem,
715 3137 747 3188 ut
773 3147 887 3190 mecum
903 3129 1014 3202 aliquot
1034 3127 1135 3186 diebus
1155 3127 1194 3186 sit

54 3233 192 3308 Tubingae,
213 3251 259 3293 me
280 3241 377 3294 autem
397 3235 435 3293 ad
455 3236 535 3294 illum
557 3252 619 3294 esse
640 3235 845 3309 proiecturum,
866 3236 890 3292 si
905 3235 942 3294 sd
957 3251 1002 3293 me
1016 3252 1073 3292 non
1088 3235 1190 3306 possit3

54 3339 169 3408 videbo,
202 3341 269 3413 quid
291 3341 408 3399 nuntius
429 3347 629 3415 reportaturus
658 3341 702 3398 sit.
752 3339 926 3400 Commendo
951 3357 996 3398 me
1023 3345 1192 3398 reverenter
1275 3349 1285 3370 ·

53 3441 248 3504 illustrissimae
270 3446 441 3504 celsitudini
456 3447 578 3519 Vestrae,
601 3447 689 3506 Pater
709 3448 836 3507 ooelestis
852 3452 957 3518 augeat
976 3445 1020 3503 illi
1041 3461 1107 3504 snos
1128 3445 1190 3504 the-

55 3562 148 3608 sauros
168 3552 315 3623 coelestes,
336 3553 468 3624 spiritum
491 3559 521 3611 et
541 3551 627 3612 fidem
648 3569 700 3625 por
721 3552 866 3612 Obristum
887 3553 1031 3610 dominum
1051 3556 1188 3610 nostrum.

125 3654 229 3714 Datum
250 3656 388 3729 Tubingm
410 3659 427 3714 5
449 3657 496 3714 die
517 3657 650 3718 Octobris
673 3658 757 3717 1560.

236 3761 439 3820 illustrissimae
460 3762 632 3822 celsitudini
653 3762 764 3821 Vestrae
784 3761 995 3820 addictissimus

486 3867 643 3939 vergerius
663 3883 748 3926 manu
769 3866 894 3940 propria,
915 3868 978 3925 Deo
999 3867 1109 3940 gratiae.

607 4009 622 4042 ³1:

117 4115 129 4167 1
149 4114 212 4188 vgl.
230 4135 257 4171 n.
276 4119 318 4172 98.

114 4201 130 4252 2
148 4203 211 4272 Vgl.
228 4223 256 4259 n.
275 4206 310 4260 98
327 4205 384 4259 und
403 4208 445 4261 99.

116 4289 131 4340 3
149 4289 210 4360 Vgl.
229 4309 255 4348 u.
274 4293 307 4350 61
318 4309 343 4348 u.
