2830 5078
1303 395 1351 448 ns
1398 455 1399 469 ἱ

233 590 332 632 verum
362 575 484 646 ipsemet
513 569 589 630 feret
616 569 728 628 litteras
756 569 881 628 crastina
901 568 959 628 die.
1002 567 1177 628 Commendo
1203 587 1247 628 me
1266 569 1353 628 Vestra

231 676 437 735 illustrissimae
457 673 653 734 Domiustioni
674 676 850 732 reverenter.
883 672 1020 746 Laoingoe
1039 673 1085 730 dic
1097 673 1279 746 xltnprilis
1291 675 1353 731 1559.

390 805 593 864 illustrissime
615 801 801 862 celsitudinis
822 803 933 861 Vestrae
958 802 1227 864 observantissimus

1139 937 1297 1008 Vergcrius.

784 1222 831 1278 80.

538 1353 663 1440 Verger
686 1376 727 1419 en
751 1353 870 1438 herzog
888 1351 1077 1437 Christoph.

598 1491 749 1564 Leuingen
770 1493 804 1548 21
825 1491 909 1562 April
933 1491 1015 1548 1559.

305 1608 380 1676 Uber
399 1617 475 1674 scine
494 1618 686 1688 unterredung
704 1617 757 1672 mit
775 1616 839 1672 dem
859 1616 1023 1686 englisohsn
1043 1617 1209 1687 gesandteu.

316 1728 511 1786 illustrissime
533 1727 670 1800 Princeps
691 1732 721 1784 et
741 1725 862 1784 Domine
884 1725 1005 1782 Domine
1027 1723 1272 1782 Clementissime!

315 1831 384 1888 Fuit
403 1847 514 1890 mecum
535 1831 569 1904 is,
590 1830 638 1904 qui
659 1847 711 1903 pro
733 1829 916 1888 serenissima
933 1827 1045 1900 Angliae
1066 1828 1167 1900 regina
1189 1827 1301 1898 negotia
1318 1825 1360 1898 agit

240 1951 292 2008 per
309 1935 499 2000 Germaniam,
522 1933 746 2008 Christophorus
767 1935 877 1992 scilicet
897 1933 1025 1991 Montius
1038 1931 1063 2004 ¹3
1085 1931 1257 1990 contulimus
1278 1930 1361 1988 deln-
1405 1961 1406 1997 1

238 2039 297 2112 glis
318 2041 415 2108 multa,
440 2045 469 2098 et
489 2041 517 2097 in
536 2056 645 2098 somma
658 2039 751 2110 video,
773 2039 854 2098 illurn
875 2037 946 2096 nilrll
969 2040 1042 2096 scire
1064 2037 1100 2096 dc
1121 2037 1248 2110 negotio,
1269 2036 1303 2094 de
1321 2048 1361 2107 qno
1399 2083 1406 2106 „

156 2194 163 2210 .
236 2143 274 2202 ad
298 2161 344 2202 me
372 2143 497 2202 Occilius
525 2143 697 2202 secretarius
724 2141 839 2216 scripsit
856 2139 875 2198 ¹.
923 2141 1019 2214 Atque
1046 2143 1155 2199 utinam
1183 2157 1239 2199 non
1265 2137 1361 2197 luissen
1400 2161 1401 2164 ¹

235 2252 385 2306 cunctatus
405 2247 524 2318 tamdiu,
546 2247 596 2304 sed
617 2253 685 2305 aute
707 2246 819 2320 aliquot
840 2245 901 2304 dies
922 2244 1060 2303 misissem
1074 2245 1103 2302 in
1114 2244 1249 2316 Angliam
1270 2243 1361 2300 litteras

237 2357 266 2410 et
285 2366 430 2409 recessum
451 2358 482 2408 et
502 2349 708 2422 consessiones;
732 2350 783 2408 sed
803 2349 887 2407 mitto
907 2365 983 2406 nunc
1004 2348 1105 2406 saltem
1126 2347 1164 2405 ad
1176 2346 1362 2406 Celsitudiueu
1405 2380 1406 2414 3

234 2455 384 2523 Vestram,
416 2470 479 2526 quae
511 2460 592 2512 curet
622 2469 676 2526 per
702 2459 800 2526 postas
826 2453 1013 2532 antverpiam·
1039 2449 1159 2523 deferri3
1192 2453 1217 2508 si
1246 2451 1363 2522 magistro

233 2565 333 2632 poste,
355 2551 553 2632 ouiAugustae
571 2563 622 2630 est,
644 2557 697 2615 sub
718 2559 875 2615 autoritate
887 2556 983 2614 Vestri
997 2555 1129 2624 nominis,
1151 2555 1277 2613 traditus
1294 2552 1364 2610 luerit
1400 2535 1401 2604 ἒ

138 2688 142 2693 ·
234 2662 328 2731 lascis,
351 2663 461 2722 nullum
482 2668 552 2735 puto
574 2678 636 2720 esse
657 2662 825 2734 periculum,
848 2665 881 2717 ot
901 2660 1111 2734 intercipiatur.
1154 2658 1184 2716 Si
1205 2659 1269 2728 loco
1286 2657 1365 2715 latire
1405 2692 1406 2728 3

236 2766 434 2840 inscriptionis
454 2767 603 2825 videretur
624 2767 788 2838 germanica
808 2764 991 2835 reponenda,
1017 2770 1085 2835 egat
1104 2763 1209 2821 Vestra
1229 2759 1365 2827 Celsitudo
1405 2799 1406 2834 3

236 2877 269 2930 ut
289 2871 377 2930 lubet.
419 2871 544 2928 Discedo
572 2869 658 2928 hodie
686 2888 721 2927 ex
749 2869 897 2942 Lacippo,
924 2867 1085 2939 Tubingam
1110 2867 1244 2938 rediens3
1272 2877 1365 2924 causm
1405 2902 1406 2938 ἶ

237 2976 385 3048 Anglicam
396 2976 509 3034 Vestrae
519 2976 622 3048 pietati
643 2964 811 3033 commendo
833 2989 869 3030 ex
889 2974 993 3030 animo.
1028 2971 1164 3042 Quaedam
1187 2987 1252 3044 quse
1270 2969 1366 3028 omnino

236 3079 702 3154 oportetOelsitudinemVestram
711 3080 785 3136 scire
796 3078 830 3136 de
843 3077 985 3149 colloquio
994 3092 1058 3133 meo
1071 3092 1134 3134 oum
1145 3076 1245 3146 legato
1253 3067 1366 3138 Gallicol
1405 3111 1406 3132 2

238 3183 360 3242 scribam
382 3201 397 3241 e
418 3183 563 3258 Tubinga3
597 3183 720 3240 hicnon
741 3199 874 3256 possum,
896 3197 960 3240 cum
982 3181 1071 3238 multa
1092 3181 1167 3248 sint,
1202 3177 1255 3238 sed
1273 3179 1365 3235 mittan
1405 3216 1406 3252 3

238 3289 343 3346 statim.
385 3287 447 3346 Hoc
468 3287 607 3346 commodi
630 3288 730 3346 videor
762 3286 829 3346 milri
859 3302 893 3343 ex
914 3285 1057 3359 colloquio
1078 3285 1162 3342 istius
1183 3283 1285 3342 Moutii
1304 3293 1366 3338 asse·
1405 3319 1406 3334 .

238 3398 334 3460 cutm,
365 3391 440 3464 quod
473 3393 531 3449 suis
561 3391 666 3450 litteris
692 3391 856 3449 hortabitur
877 3391 1019 3463 reginam,
1049 3405 1084 3446 ue
1107 3388 1193 3446 alteri
1220 3403 1301 3460 quem
1319 3385 1366 3441 An·
1405 3427 1406 3438 .

237 3501 367 3568 gustanae
388 3493 559 3554 confessioni
581 3495 737 3563 udlreernut,
759 3495 835 3568 quod
857 3495 929 3552 alias
950 3493 1081 3552 fortassis
1101 3509 1158 3550 nou
1179 3491 1301 3551 fecisset.

316 3599 490 3658 Commendo
511 3616 556 3656 sne
577 3607 746 3658 reverenter
770 3598 942 3658 Celsitudini
958 3597 1077 3656 Vestrae.
1098 3597 1234 3668 Laoingae
1252 3595 1296 3652 die
1309 3589 1366 3650 XXI

238 3703 347 3776 Aprilis
370 3703 454 3761 1559.

595 3809 797 3868 illustrissimae
818 3805 1029 3866 Dominationis

1000 3909 1122 3967 servitor
1141 3907 1311 3980 Vergerius..

802 4051 817 4082 lt

309 4164 321 4215 l
344 4161 408 4230 Vgl.
427 4180 454 4214 n.
474 4162 515 4216 79.

309 4251 325 4303 2
344 4247 409 4320 vgl.
428 4265 454 4302 n.
475 4249 542 4303 730.
940 4301 944 4304 .

308 4337 325 4389 3
342 4335 407 4407 Vgl.
426 4352 453 4390 u.
474 4337 514 4390 79.
551 4333 585 4389 N.
605 4335 638 4390 81
657 4335 779 4406 Vergers
797 4335 913 4391 berioht.
