<?xml version="1.0" encoding="UTF-8"?>
<!DOCTYPE html PUBLIC "-//W3C//DTD XHTML 1.0 Transitional//EN"
    "http://www.w3.org/TR/xhtml1/DTD/xhtml1-transitional.dtd">
<html xmlns="http://www.w3.org/1999/xhtml" xml:lang="en" lang="en">
 <head>
  <title>
</title>
<meta http-equiv="Content-Type" content="text/html;charset=utf-8" />
  <meta name='ocr-system' content='tesseract 3.04.00' />
  <meta name='ocr-capabilities' content='ocr_page ocr_carea ocr_par ocr_line ocrx_word'/>
</head>
<body>
  <div class='ocr_page' id='page_1' title='image "./briefwechselzwi01verggoog/briefwechselzwi01verggoog_0454.png"; bbox 0 0 2884 5074; ppageno 0'>
   <div class='ocr_carea' id='block_1_1' title="bbox 617 347 681 410">
    <p class='ocr_par' dir='ltr' id='par_1_1' title="bbox 617 347 681 410">
     <span class='ocr_line' id='line_1_1' title="bbox 617 347 681 410; baseline 0 0"><span class='ocrx_word' id='word_1_1' title='bbox 617 347 681 410; x_wconf 77' lang='lat' dir='ltr'>tto</span> 
     </span>
    </p>
   </div>
   <div class='ocr_carea' id='block_1_2' title="bbox 379 601 928 810">
    <p class='ocr_par' dir='ltr' id='par_1_2' title="bbox 379 601 928 810">
     <span class='ocr_line' id='line_1_2' title="bbox 619 601 684 656; baseline 0.015 -1"><span class='ocrx_word' id='word_1_2' title='bbox 619 601 684 656; x_wconf 70' lang='lat'>227.</span> 
     </span>
     <span class='ocr_line' id='line_1_3' title="bbox 379 721 928 810; baseline -0.005 -21"><span class='ocrx_word' id='word_1_3' title='bbox 379 723 505 810; x_wconf 75' lang='lat' dir='ltr'>Herzog</span> <span class='ocrx_word' id='word_1_4' title='bbox 530 721 704 806; x_wconf 82' lang='lat' dir='ltr'>Obrisbopb</span> <span class='ocrx_word' id='word_1_5' title='bbox 729 743 770 788; x_wconf 85' lang='lat' dir='ltr'>an</span> <span class='ocrx_word' id='word_1_6' title='bbox 796 722 928 809; x_wconf 76' lang='lat' dir='ltr'>Verger.</span> 
     </span>
    </p>
   </div>
   <div class='ocr_carea' id='block_1_3' title="bbox 427 853 878 928">
    <p class='ocr_par' dir='ltr' id='par_1_3' title="bbox 427 853 878 928">
     <span class='ocr_line' id='line_1_4' title="bbox 427 853 878 928; baseline -0.004 -14"><span class='ocrx_word' id='word_1_7' title='bbox 427 853 596 928; x_wconf 76' lang='lat' dir='ltr'>Goppiugcu</span> <span class='ocrx_word' id='word_1_8' title='bbox 618 859 636 912; x_wconf 82' lang='lat'>4</span> <span class='ocrx_word' id='word_1_9' title='bbox 657 855 771 926; x_wconf 76' lang='lat' dir='ltr'>August</span> <span class='ocrx_word' id='word_1_10' title='bbox 794 857 878 913; x_wconf 71' lang='lat' dir='ltr'>lodo.</span> 
     </span>
    </p>
   </div>
   <div class='ocr_carea' id='block_1_4' title="bbox 79 975 1224 2089">
    <p class='ocr_par' dir='ltr' id='par_1_4' title="bbox 146 975 798 1044">
     <span class='ocr_line' id='line_1_5' title="bbox 146 975 798 1044; baseline 0 -14"><span class='ocrx_word' id='word_1_11' title='bbox 146 975 260 1032; x_wconf 73' lang='lat' dir='ltr'>schism</span> <span class='ocrx_word' id='word_1_12' title='bbox 279 975 386 1044; x_wconf 80' lang='lat' dir='ltr'>Verger</span> <span class='ocrx_word' id='word_1_13' title='bbox 407 977 456 1030; x_wconf 85' lang='lat' dir='ltr'>loo</span> <span class='ocrx_word' id='word_1_14' title='bbox 476 975 501 1030; x_wconf 85' lang='lat' dir='ltr'>fl.</span> <span class='ocrx_word' id='word_1_15' title='bbox 522 993 569 1030; x_wconf 81' lang='lat' dir='ltr'>eur</span> <span class='ocrx_word' id='word_1_16' title='bbox 589 977 798 1044; x_wconf 78' lang='lat' dir='ltr'>nuterstlianng.</span> 
     </span>
    </p>

    <p class='ocr_par' dir='ltr' id='par_1_5' title="bbox 155 1073 452 1146">
     <span class='ocr_line' id='line_1_6' title="bbox 155 1073 452 1146; baseline -0.007 -14"><span class='ocrx_word' id='word_1_17' title='bbox 155 1073 377 1146; x_wconf 72' lang='lat' dir='ltr'><strong>christophorus</strong></span> <span class='ocrx_word' id='word_1_18' title='bbox 399 1079 452 1133; x_wconf 87' lang='lat' dir='ltr'>etc.</span> 
     </span>
    </p>

    <p class='ocr_par' dir='ltr' id='par_1_6' title="bbox 79 1178 1224 1986">
     <span class='ocr_line' id='line_1_7' title="bbox 155 1178 1223 1252; baseline 0 -16"><span class='ocrx_word' id='word_1_19' title='bbox 155 1179 281 1238; x_wconf 80' lang='lat' dir='ltr'><strong>Litteras</strong></span> <span class='ocrx_word' id='word_1_20' title='bbox 301 1185 421 1250; x_wconf 89' lang='lat' dir='ltr'>vestras,</span> <span class='ocrx_word' id='word_1_21' title='bbox 444 1179 604 1239; x_wconf 85' lang='lat' dir='ltr'>reverende</span> <span class='ocrx_word' id='word_1_22' title='bbox 627 1179 709 1238; x_wconf 89' lang='lat' dir='ltr'>nobis</span> <span class='ocrx_word' id='word_1_23' title='bbox 728 1178 843 1250; x_wconf 91' lang='lat' dir='ltr'>dilecte,</span> <span class='ocrx_word' id='word_1_24' title='bbox 867 1179 1045 1252; x_wconf 85' lang='lat' dir='ltr'>accepimus,</span> <span class='ocrx_word' id='word_1_25' title='bbox 1073 1193 1109 1235; x_wconf 90' lang='lat' dir='ltr'>cx</span> <span class='ocrx_word' id='word_1_26' title='bbox 1128 1178 1223 1252; x_wconf 89' lang='lat' dir='ltr'>iisque</span> 
     </span>
     <span class='ocr_line' id='line_1_8' title="bbox 84 1281 1224 1358; baseline 0.001 -19"><span class='ocrx_word' id='word_1_27' title='bbox 84 1281 114 1340; x_wconf 88' lang='lat' dir='ltr'>de</span> <span class='ocrx_word' id='word_1_28' title='bbox 134 1282 242 1342; x_wconf 89' lang='lat' dir='ltr'>diutino</span> <span class='ocrx_word' id='word_1_29' title='bbox 263 1283 363 1342; x_wconf 90' lang='lat' dir='ltr'>morbo</span> <span class='ocrx_word' id='word_1_30' title='bbox 383 1291 490 1357; x_wconf 81' lang='lat' dir='ltr'>vestro,</span> <span class='ocrx_word' id='word_1_31' title='bbox 511 1301 569 1358; x_wconf 88' lang='lat' dir='ltr'>quo</span> <span class='ocrx_word' id='word_1_32' title='bbox 590 1283 684 1342; x_wconf 92' lang='lat' dir='ltr'>adbuc</span> <span class='ocrx_word' id='word_1_33' title='bbox 705 1283 890 1354; x_wconf 68' lang='lat' dir='ltr'>detinemini,</span> <span class='ocrx_word' id='word_1_34' title='bbox 913 1283 988 1342; x_wconf 90' lang='lat' dir='ltr'>haud</span> <span class='ocrx_word' id='word_1_35' title='bbox 1009 1299 1077 1342; x_wconf 88' lang='lat' dir='ltr'>sane</span> <span class='ocrx_word' id='word_1_36' title='bbox 1099 1281 1224 1342; x_wconf 79' lang='lat' dir='ltr'>libenter</span> 
     </span>
     <span class='ocr_line' id='line_1_9' title="bbox 81 1387 1224 1462; baseline 0 -17"><span class='ocrx_word' id='word_1_37' title='bbox 81 1388 252 1460; x_wconf 83' lang='lat' dir='ltr'>accepimus,</span> <span class='ocrx_word' id='word_1_38' title='bbox 284 1388 422 1462; x_wconf 84' lang='lat' dir='ltr'>vobisque</span> <span class='ocrx_word' id='word_1_39' title='bbox 450 1389 523 1448; x_wconf 88' lang='lat' dir='ltr'>adeo</span> <span class='ocrx_word' id='word_1_40' title='bbox 554 1389 601 1462; x_wconf 89' lang='lat' dir='ltr'>pio</span> <span class='ocrx_word' id='word_1_41' title='bbox 631 1393 660 1447; x_wconf 91' lang='lat' dir='ltr'>et</span> <span class='ocrx_word' id='word_1_42' title='bbox 685 1389 841 1448; x_wconf 86' lang='lat' dir='ltr'>christiano</span> <span class='ocrx_word' id='word_1_43' title='bbox 867 1388 961 1447; x_wconf 91' lang='lat' dir='ltr'>animo</span> <span class='ocrx_word' id='word_1_44' title='bbox 989 1387 1173 1447; x_wconf 81' lang='lat' dir='ltr'>condolemus</span> <span class='ocrx_word' id='word_1_45' title='bbox 1194 1393 1224 1446; x_wconf 91' lang='lat' dir='ltr'>et</span> 
     </span>
     <span class='ocr_line' id='line_1_10' title="bbox 80 1491 1222 1566; baseline 0.002 -18"><span class='ocrx_word' id='word_1_46' title='bbox 80 1507 228 1564; x_wconf 87' lang='lat' dir='ltr'>speramus,</span> <span class='ocrx_word' id='word_1_47' title='bbox 254 1493 343 1550; x_wconf 88' lang='lat' dir='ltr'>Deum</span> <span class='ocrx_word' id='word_1_48' title='bbox 366 1493 505 1566; x_wconf 88' lang='lat' dir='ltr'>optimum</span> <span class='ocrx_word' id='word_1_49' title='bbox 525 1495 678 1551; x_wconf 79' lang='lat' dir='ltr'>niaximum</span> <span class='ocrx_word' id='word_1_50' title='bbox 699 1492 765 1551; x_wconf 91' lang='lat' dir='ltr'>huic</span> <span class='ocrx_word' id='word_1_51' title='bbox 786 1499 890 1551; x_wconf 86' lang='lat' dir='ltr'>vestrae</span> <span class='ocrx_word' id='word_1_52' title='bbox 913 1491 1071 1550; x_wconf 87' lang='lat' dir='ltr'>valetudini</span> <span class='ocrx_word' id='word_1_53' title='bbox 1093 1492 1222 1552; x_wconf 87' lang='lat' dir='ltr'>aduersae</span> 
     </span>
     <span class='ocr_line' id='line_1_11' title="bbox 80 1593 1223 1670; baseline 0.001 -19"><span class='ocrx_word' id='word_1_54' title='bbox 80 1594 153 1654; x_wconf 88' lang='lat' dir='ltr'>brevi</span> <span class='ocrx_word' id='word_1_55' title='bbox 174 1613 266 1670; x_wconf 90' lang='lat' dir='ltr'>opem,</span> <span class='ocrx_word' id='word_1_56' title='bbox 289 1613 353 1670; x_wconf 83' lang='lat' dir='ltr'>quae</span> <span class='ocrx_word' id='word_1_57' title='bbox 374 1597 420 1654; x_wconf 85' lang='lat' dir='ltr'>vel</span> <span class='ocrx_word' id='word_1_58' title='bbox 440 1595 477 1654; x_wconf 91' lang='lat' dir='ltr'>ad</span> <span class='ocrx_word' id='word_1_59' title='bbox 499 1597 651 1655; x_wconf 84' lang='lat' dir='ltr'>sanitatem</span> <span class='ocrx_word' id='word_1_60' title='bbox 664 1595 794 1666; x_wconf 89' lang='lat' dir='ltr'>corporis</span> <span class='ocrx_word' id='word_1_61' title='bbox 809 1594 854 1653; x_wconf 89' lang='lat' dir='ltr'>vel</span> <span class='ocrx_word' id='word_1_62' title='bbox 868 1595 989 1654; x_wconf 90' lang='lat' dir='ltr'>salutem</span> <span class='ocrx_word' id='word_1_63' title='bbox 1005 1593 1107 1652; x_wconf 79' lang='lat' dir='ltr'>animae</span> <span class='ocrx_word' id='word_1_64' title='bbox 1119 1601 1223 1654; x_wconf 85' lang='lat' dir='ltr'>vestrae</span> 
     </span>
     <span class='ocr_line' id='line_1_12' title="bbox 81 1697 1223 1780; baseline 0 -24"><span class='ocrx_word' id='word_1_65' title='bbox 81 1705 193 1771; x_wconf 89' lang='lat' dir='ltr'>spectet,</span> <span class='ocrx_word' id='word_1_66' title='bbox 215 1702 367 1766; x_wconf 89' lang='lat' dir='ltr'>laturum..</span> <span class='ocrx_word' id='word_1_67' title='bbox 382 1699 501 1759; x_wconf 79' lang='lat' dir='ltr'>Interim</span> <span class='ocrx_word' id='word_1_68' title='bbox 522 1699 571 1774; x_wconf 81' lang='lat' dir='ltr'>qui</span> <span class='ocrx_word' id='word_1_69' title='bbox 587 1699 741 1780; x_wconf 83' lang='lat' dir='ltr'>necessarii</span> <span class='ocrx_word' id='word_1_70' title='bbox 757 1705 886 1772; x_wconf 90' lang='lat' dir='ltr'>sumptus</span> <span class='ocrx_word' id='word_1_71' title='bbox 901 1703 1061 1774; x_wconf 89' lang='lat' dir='ltr'>suppetunt</span> <span class='ocrx_word' id='word_1_72' title='bbox 1069 1697 1087 1769; x_wconf 91' lang='lat'>¹,</span> <span class='ocrx_word' id='word_1_73' title='bbox 1109 1705 1223 1757; x_wconf 91' lang='lat' dir='ltr'>centum</span> 
     </span>
     <span class='ocr_line' id='line_1_13' title="bbox 80 1803 1223 1880; baseline -0.001 -20"><span class='ocrx_word' id='word_1_74' title='bbox 80 1803 196 1863; x_wconf 86' lang='lat' dir='ltr'>florenos</span> <span class='ocrx_word' id='word_1_75' title='bbox 218 1805 300 1864; x_wconf 87' lang='lat' dir='ltr'>vobis</span> <span class='ocrx_word' id='word_1_76' title='bbox 320 1807 547 1876; x_wconf 75' lang='lat' dir='ltr'>transmittimus,</span> <span class='ocrx_word' id='word_1_77' title='bbox 569 1811 656 1880; x_wconf 89' lang='lat' dir='ltr'>atque</span> <span class='ocrx_word' id='word_1_78' title='bbox 678 1807 706 1864; x_wconf 93' lang='lat' dir='ltr'>in</span> <span class='ocrx_word' id='word_1_79' title='bbox 728 1805 842 1878; x_wconf 87' lang='lat' dir='ltr'>ceteris,</span> <span class='ocrx_word' id='word_1_80' title='bbox 865 1805 968 1878; x_wconf 87' lang='lat' dir='ltr'>quibus</span> <span class='ocrx_word' id='word_1_81' title='bbox 988 1821 1139 1878; x_wconf 84' lang='lat' dir='ltr'>possumus</span> <span class='ocrx_word' id='word_1_82' title='bbox 1158 1820 1223 1876; x_wconf 75' lang='lat' dir='ltr'>gra·</span> 
     </span>
     <span class='ocr_line' id='line_1_14' title="bbox 79 1907 397 1986; baseline 0.013 -22"><span class='ocrx_word' id='word_1_83' title='bbox 79 1907 182 1980; x_wconf 77' lang='lat' dir='ltr'>librari,</span> <span class='ocrx_word' id='word_1_84' title='bbox 204 1911 397 1986; x_wconf 87' lang='lat' dir='ltr'>percupimus.</span> 
     </span>
    </p>

    <p class='ocr_par' dir='ltr' id='par_1_7' title="bbox 150 2014 958 2089">
     <span class='ocr_line' id='line_1_15' title="bbox 150 2014 958 2089; baseline 0 -17"><span class='ocrx_word' id='word_1_85' title='bbox 150 2014 236 2072; x_wconf 70' lang='lat' dir='ltr'>Datos</span> <span class='ocrx_word' id='word_1_86' title='bbox 258 2015 415 2089; x_wconf 81' lang='lat' dir='ltr'>Geppingoe</span> <span class='ocrx_word' id='word_1_87' title='bbox 436 2015 528 2088; x_wconf 84' lang='lat' dir='ltr'>pridie</span> <span class='ocrx_word' id='word_1_88' title='bbox 550 2015 649 2074; x_wconf 90' lang='lat' dir='ltr'>Nouus</span> <span class='ocrx_word' id='word_1_89' title='bbox 670 2015 794 2088; x_wconf 83' lang='lat' dir='ltr'>Augusti</span> <span class='ocrx_word' id='word_1_90' title='bbox 815 2033 889 2074; x_wconf 81' lang='lat' dir='ltr'>auum</span> <span class='ocrx_word' id='word_1_91' title='bbox 912 2019 958 2072; x_wconf 76' lang='grc'>65.</span> 
     </span>
    </p>
   </div>
   <div class='ocr_carea' id='block_1_5' title="bbox 294 2253 997 2466">
    <p class='ocr_par' dir='ltr' id='par_1_8' title="bbox 294 2253 997 2466">
     <span class='ocr_line' id='line_1_16' title="bbox 612 2253 679 2312; baseline 0 -2"><span class='ocrx_word' id='word_1_92' title='bbox 612 2253 679 2312; x_wconf 78' lang='grc'><strong>228.</strong></span> 
     </span>
     <span class='ocr_line' id='line_1_17' title="bbox 294 2378 997 2466; baseline 0.003 -23"><span class='ocrx_word' id='word_1_93' title='bbox 294 2379 431 2465; x_wconf 81' lang='lat' dir='ltr'>Ludwig</span> <span class='ocrx_word' id='word_1_94' title='bbox 455 2378 579 2466; x_wconf 78' lang='lat' dir='ltr'>Verger</span> <span class='ocrx_word' id='word_1_95' title='bbox 601 2401 641 2444; x_wconf 85' lang='lat' dir='ltr'>an</span> <span class='ocrx_word' id='word_1_96' title='bbox 668 2381 789 2466; x_wconf 76' lang='lat' dir='ltr'>herzog</span> <span class='ocrx_word' id='word_1_97' title='bbox 811 2381 997 2466; x_wconf 80' lang='lat' dir='ltr'>Ghristopb.</span> 
     </span>
    </p>
   </div>
   <div class='ocr_carea' id='block_1_6' title="bbox 425 2509 869 2584">
    <p class='ocr_par' dir='ltr' id='par_1_9' title="bbox 425 2509 869 2584">
     <span class='ocr_line' id='line_1_18' title="bbox 425 2509 869 2584; baseline 0.005 -16"><span class='ocrx_word' id='word_1_98' title='bbox 425 2509 576 2584; x_wconf 73' lang='lat' dir='ltr'>&#39;tubingen</span> <span class='ocrx_word' id='word_1_99' title='bbox 598 2513 616 2568; x_wconf 87' lang='grc'>4</span> <span class='ocrx_word' id='word_1_100' title='bbox 637 2511 763 2571; x_wconf 85' lang='lat' dir='ltr'>October</span> <span class='ocrx_word' id='word_1_101' title='bbox 785 2515 869 2571; x_wconf 80' lang='lat'>1565.</span> 
     </span>
    </p>
   </div>
   <div class='ocr_carea' id='block_1_7' title="bbox 70 2623 1223 3432">
    <p class='ocr_par' dir='ltr' id='par_1_10' title="bbox 139 2623 871 2705">
     <span class='ocr_line' id='line_1_19' title="bbox 139 2623 871 2705; baseline 0.007 -20"><span class='ocrx_word' id='word_1_102' title='bbox 139 2623 306 2702; x_wconf 75' lang='lat' dir='ltr'>Zeigt&#39;dem</span> <span class='ocrx_word' id='word_1_103' title='bbox 324 2632 428 2705; x_wconf 81' lang='lat' dir='ltr'>herzog</span> <span class='ocrx_word' id='word_1_104' title='bbox 447 2633 501 2689; x_wconf 88' lang='lat' dir='ltr'>deu</span> <span class='ocrx_word' id='word_1_105' title='bbox 520 2635 570 2689; x_wconf 83' lang='lat' dir='ltr'>tod</span> <span class='ocrx_word' id='word_1_106' title='bbox 588 2633 680 2690; x_wconf 85' lang='lat' dir='ltr'>seinos</span> <span class='ocrx_word' id='word_1_107' title='bbox 698 2633 806 2692; x_wconf 88' lang='lat' dir='ltr'>oheims</span> <span class='ocrx_word' id='word_1_108' title='bbox 826 2654 871 2690; x_wconf 87' lang='lat' dir='ltr'>au.</span> 
     </span>
    </p>

    <p class='ocr_par' dir='ltr' id='par_1_11' title="bbox 146 2711 1212 2806">
     <span class='ocr_line' id='line_1_20' title="bbox 146 2711 1212 2806; baseline 0.002 -19"><span class='ocrx_word' id='word_1_109' title='bbox 146 2731 345 2789; x_wconf 84' lang='lat' dir='ltr'>illustrissime</span> <span class='ocrx_word' id='word_1_110' title='bbox 367 2731 505 2806; x_wconf 76' lang='lat' dir='ltr'>Princeps</span> <span class='ocrx_word' id='word_1_111' title='bbox 526 2741 556 2791; x_wconf 88' lang='lat' dir='ltr'>et</span> <span class='ocrx_word' id='word_1_112' title='bbox 577 2734 700 2791; x_wconf 85' lang='lat' dir='ltr'>Domine</span> <span class='ocrx_word' id='word_1_113' title='bbox 722 2734 845 2792; x_wconf 82' lang='lat' dir='ltr'>Domine</span> <span class='ocrx_word' id='word_1_114' title='bbox 867 2733 1110 2792; x_wconf 82' lang='lat' dir='ltr'>Clementissime!</span> <span class='ocrx_word' id='word_1_115' title='bbox 1210 2711 1212 2718; x_wconf 41' lang='lat'><strong>¹</strong></span> 
     </span>
    </p>

    <p class='ocr_par' dir='ltr' id='par_1_12' title="bbox 70 2833 1223 3432">
     <span class='ocr_line' id='line_1_21' title="bbox 146 2833 1223 2908; baseline 0.001 -15"><span class='ocrx_word' id='word_1_116' title='bbox 146 2833 277 2893; x_wconf 80' lang='lat' dir='ltr'>Tandem</span> <span class='ocrx_word' id='word_1_117' title='bbox 299 2835 388 2893; x_wconf 88' lang='lat' dir='ltr'>Pater</span> <span class='ocrx_word' id='word_1_118' title='bbox 402 2835 534 2894; x_wconf 85' lang='lat' dir='ltr'>coelestis</span> <span class='ocrx_word' id='word_1_119' title='bbox 556 2834 582 2892; x_wconf 93' lang='lat' dir='ltr'>d.</span> <span class='ocrx_word' id='word_1_120' title='bbox 606 2835 777 2908; x_wconf 72' lang='lat' dir='ltr'>Vei-ganum</span> <span class='ocrx_word' id='word_1_121' title='bbox 805 2844 937 2908; x_wconf 86' lang='lat' dir='ltr'>patruum</span> <span class='ocrx_word' id='word_1_122' title='bbox 966 2853 1060 2895; x_wconf 88' lang='lat' dir='ltr'>meum</span> <span class='ocrx_word' id='word_1_123' title='bbox 1082 2853 1118 2894; x_wconf 85' lang='lat' dir='ltr'>ex</span> <span class='ocrx_word' id='word_1_124' title='bbox 1139 2837 1223 2894; x_wconf 88' lang='lat' dir='ltr'>mise·</span> 
     </span>
     <span class='ocr_line' id='line_1_22' title="bbox 73 2937 1222 3014; baseline 0.004 -20"><span class='ocrx_word' id='word_1_125' title='bbox 73 2937 118 2995; x_wconf 87' lang='lat' dir='ltr'>riis</span> <span class='ocrx_word' id='word_1_126' title='bbox 138 2946 168 2998; x_wconf 89' lang='lat' dir='ltr'>et</span> <span class='ocrx_word' id='word_1_127' title='bbox 190 2941 403 2999; x_wconf 80' lang='lat' dir='ltr'>calamitatibus</span> <span class='ocrx_word' id='word_1_128' title='bbox 424 2941 511 3014; x_wconf 88' lang='lat' dir='ltr'>hujus</span> <span class='ocrx_word' id='word_1_129' title='bbox 533 2943 630 3000; x_wconf 88' lang='lat' dir='ltr'>mundi</span> <span class='ocrx_word' id='word_1_130' title='bbox 652 2941 787 3001; x_wconf 85' lang='lat' dir='ltr'>liberavit</span> <span class='ocrx_word' id='word_1_131' title='bbox 815 2949 845 3002; x_wconf 91' lang='lat' dir='ltr'>et</span> <span class='ocrx_word' id='word_1_132' title='bbox 873 2944 909 3000; x_wconf 93' lang='lat' dir='ltr'>ad</span> <span class='ocrx_word' id='word_1_133' title='bbox 937 2942 1051 3000; x_wconf 87' lang='lat' dir='ltr'>beatam</span> <span class='ocrx_word' id='word_1_134' title='bbox 1080 2947 1110 3000; x_wconf 91' lang='lat' dir='ltr'>et</span> <span class='ocrx_word' id='word_1_135' title='bbox 1137 2947 1222 2999; x_wconf 83' lang='lat' dir='ltr'>aetcr·</span> 
     </span>
     <span class='ocr_line' id='line_1_23' title="bbox 72 3045 1222 3119; baseline 0.003 -19"><span class='ocrx_word' id='word_1_136' title='bbox 72 3060 132 3101; x_wconf 90' lang='lat' dir='ltr'>nam</span> <span class='ocrx_word' id='word_1_137' title='bbox 152 3045 235 3103; x_wconf 89' lang='lat' dir='ltr'>illam</span> <span class='ocrx_word' id='word_1_138' title='bbox 258 3047 353 3118; x_wconf 88' lang='lat' dir='ltr'>uitam,</span> <span class='ocrx_word' id='word_1_139' title='bbox 376 3049 514 3119; x_wconf 82' lang='lat' dir='ltr'>sauguine</span> <span class='ocrx_word' id='word_1_140' title='bbox 532 3047 640 3106; x_wconf 93' lang='lat' dir='ltr'>domini</span> <span class='ocrx_word' id='word_1_141' title='bbox 663 3048 754 3107; x_wconf 87' lang='lat' dir='ltr'>nostri</span> <span class='ocrx_word' id='word_1_142' title='bbox 775 3049 845 3109; x_wconf 83' lang='lat' dir='ltr'>Jcsu</span> <span class='ocrx_word' id='word_1_143' title='bbox 862 3045 968 3106; x_wconf 83' lang='lat' dir='ltr'>Christi</span> <span class='ocrx_word' id='word_1_144' title='bbox 988 3047 1173 3107; x_wconf 84' lang='lat' dir='ltr'>credentibus</span> <span class='ocrx_word' id='word_1_145' title='bbox 1194 3047 1222 3103; x_wconf 92' lang='lat' dir='ltr'>in</span> 
     </span>
     <span class='ocr_line' id='line_1_24' title="bbox 74 3151 1222 3224; baseline 0.003 -19"><span class='ocrx_word' id='word_1_146' title='bbox 74 3163 134 3206; x_wconf 90' lang='lat' dir='ltr'>eum</span> <span class='ocrx_word' id='word_1_147' title='bbox 157 3157 368 3223; x_wconf 78' lang='lat' dir='ltr'>comparatam,</span> <span class='ocrx_word' id='word_1_148' title='bbox 398 3154 518 3224; x_wconf 84' lang='lat' dir='ltr'>accepit.</span> <span class='ocrx_word' id='word_1_149' title='bbox 560 3153 654 3212; x_wconf 92' lang='lat' dir='ltr'>Hodie</span> <span class='ocrx_word' id='word_1_150' title='bbox 684 3155 760 3212; x_wconf 92' lang='lat' dir='ltr'>enim</span> <span class='ocrx_word' id='word_1_151' title='bbox 788 3155 866 3212; x_wconf 90' lang='lat' dir='ltr'>inter</span> <span class='ocrx_word' id='word_1_152' title='bbox 894 3153 1073 3213; x_wconf 88' lang='lat' dir='ltr'>undecimam</span> <span class='ocrx_word' id='word_1_153' title='bbox 1102 3158 1130 3208; x_wconf 90' lang='lat' dir='ltr'>et</span> <span class='ocrx_word' id='word_1_154' title='bbox 1153 3151 1222 3208; x_wconf 93' lang='lat' dir='ltr'>duo·</span> 
     </span>
     <span class='ocr_line' id='line_1_25' title="bbox 70 3252 1223 3326; baseline 0 -16"><span class='ocrx_word' id='word_1_155' title='bbox 70 3252 208 3313; x_wconf 88' lang='lat' dir='ltr'>decimam</span> <span class='ocrx_word' id='word_1_156' title='bbox 231 3257 332 3316; x_wconf 87' lang='lat' dir='ltr'>boram</span> <span class='ocrx_word' id='word_1_157' title='bbox 351 3257 381 3314; x_wconf 93' lang='lat' dir='ltr'>in</span> <span class='ocrx_word' id='word_1_158' title='bbox 404 3255 450 3312; x_wconf 91' lang='lat' dir='ltr'>die</span> <span class='ocrx_word' id='word_1_159' title='bbox 479 3256 541 3314; x_wconf 87' lang='lat' dir='ltr'>sinc</span> <span class='ocrx_word' id='word_1_160' title='bbox 571 3257 630 3316; x_wconf 88' lang='lat' dir='ltr'>ulla</span> <span class='ocrx_word' id='word_1_161' title='bbox 659 3255 720 3315; x_wconf 87' lang='lat' dir='ltr'>iere</span> <span class='ocrx_word' id='word_1_162' title='bbox 748 3255 881 3314; x_wconf 86' lang='lat' dir='ltr'>molestia</span> <span class='ocrx_word' id='word_1_163' title='bbox 907 3255 982 3314; x_wconf 77' lang='lat' dir='ltr'>dicun</span> <span class='ocrx_word' id='word_1_164' title='bbox 1005 3272 1087 3313; x_wconf 86' lang='lat' dir='ltr'>snum</span> <span class='ocrx_word' id='word_1_165' title='bbox 1108 3255 1223 3326; x_wconf 88' lang='lat' dir='ltr'>clausit;</span> 
     </span>
     <span class='ocr_line' id='line_1_26' title="bbox 71 3358 1223 3432; baseline 0.002 -19"><span class='ocrx_word' id='word_1_166' title='bbox 71 3358 95 3414; x_wconf 90' lang='lat' dir='ltr'>ei</span> <span class='ocrx_word' id='word_1_167' title='bbox 115 3365 177 3416; x_wconf 89' lang='lat' dir='ltr'>tum</span> <span class='ocrx_word' id='word_1_168' title='bbox 201 3363 419 3419; x_wconf 74' lang='lat' dir='ltr'>condonaturos</span> <span class='ocrx_word' id='word_1_169' title='bbox 441 3368 501 3420; x_wconf 90' lang='lat' dir='ltr'>tum</span> <span class='ocrx_word' id='word_1_170' title='bbox 522 3361 626 3420; x_wconf 89' lang='lat' dir='ltr'>medici</span> <span class='ocrx_word' id='word_1_171' title='bbox 648 3378 699 3420; x_wconf 90' lang='lat' dir='ltr'>sua</span> <span class='ocrx_word' id='word_1_172' title='bbox 721 3377 810 3432; x_wconf 87' lang='lat' dir='ltr'>opera</span> <span class='ocrx_word' id='word_1_173' title='bbox 830 3378 886 3418; x_wconf 87' lang='lat' dir='ltr'>non</span> <span class='ocrx_word' id='word_1_174' title='bbox 909 3359 1080 3428; x_wconf 82' lang='lat' dir='ltr'>defuerunt,</span> <span class='ocrx_word' id='word_1_175' title='bbox 1102 3375 1223 3432; x_wconf 86' lang='lat' dir='ltr'>praeser-</span> 
     </span>
    </p>
   </div>
   <div class='ocr_carea' id='block_1_8' title="bbox 70 3462 1314 3538">
    <p class='ocr_par' dir='ltr' id='par_1_13' title="bbox 70 3462 1314 3538">
     <span class='ocr_line' id='line_1_27' title="bbox 70 3462 1314 3538; baseline 0 -19"><span class='ocrx_word' id='word_1_176' title='bbox 70 3463 117 3520; x_wconf 91' lang='lat' dir='ltr'>tim</span> <span class='ocrx_word' id='word_1_177' title='bbox 135 3482 208 3523; x_wconf 89' lang='lat' dir='ltr'>vero</span> <span class='ocrx_word' id='word_1_178' title='bbox 222 3464 249 3522; x_wconf 94' lang='lat' dir='ltr'>d.</span> <span class='ocrx_word' id='word_1_179' title='bbox 262 3465 376 3524; x_wconf 91' lang='lat' dir='ltr'>Primus</span> <span class='ocrx_word' id='word_1_180' title='bbox 389 3463 567 3533; x_wconf 79' lang='lat' dir='ltr'>Truberus&#39;,</span> <span class='ocrx_word' id='word_1_181' title='bbox 590 3465 639 3537; x_wconf 84' lang='lat' dir='ltr'>qui</span> <span class='ocrx_word' id='word_1_182' title='bbox 659 3472 805 3538; x_wconf 84' lang='lat' dir='ltr'>tamquam</span> <span class='ocrx_word' id='word_1_183' title='bbox 826 3471 1044 3531; x_wconf 76' lang='lat' dir='ltr'>conterraneus</span> <span class='ocrx_word' id='word_1_184' title='bbox 1066 3462 1223 3534; x_wconf 85' lang='lat' dir='ltr'>spirituali·</span> <span class='ocrx_word' id='word_1_185' title='bbox 1312 3482 1314 3486; x_wconf 54' lang='lat'><strong><em>¹</em></strong></span> 
     </span>
    </p>
   </div>
   <div class='ocr_carea' id='block_1_9' title="bbox 66 3561 1223 4166">
    <p class='ocr_par' dir='ltr' id='par_1_14' title="bbox 66 3561 1223 4166">
     <span class='ocr_line' id='line_1_28' title="bbox 70 3561 1222 3643; baseline 0 -15"><span class='ocrx_word' id='word_1_186' title='bbox 70 3561 389 3634; x_wconf 76' lang='lat' dir='ltr'>busconsolationibus</span> <span class='ocrx_word' id='word_1_187' title='bbox 412 3570 560 3643; x_wconf 87' lang='lat' dir='ltr'>usquead</span> <span class='ocrx_word' id='word_1_188' title='bbox 583 3570 712 3630; x_wconf 89' lang='lat' dir='ltr'>ultimum</span> <span class='ocrx_word' id='word_1_189' title='bbox 735 3571 866 3642; x_wconf 86' lang='lat' dir='ltr'>spiritum</span> <span class='ocrx_word' id='word_1_190' title='bbox 888 3571 998 3630; x_wconf 83' lang='lat' dir='ltr'>solatus</span> <span class='ocrx_word' id='word_1_191' title='bbox 1023 3574 1081 3636; x_wconf 86' lang='lat' dir='ltr'>est,</span> <span class='ocrx_word' id='word_1_192' title='bbox 1107 3574 1140 3626; x_wconf 89' lang='lat' dir='ltr'>ut</span> <span class='ocrx_word' id='word_1_193' title='bbox 1166 3584 1222 3630; x_wconf 75' lang='lat' dir='ltr'>raon</span> 
     </span>
     <span class='ocr_line' id='line_1_29' title="bbox 68 3668 1222 3748; baseline 0.007 -24"><span class='ocrx_word' id='word_1_194' title='bbox 68 3670 103 3726; x_wconf 86' lang='lat' dir='ltr'>sit</span> <span class='ocrx_word' id='word_1_195' title='bbox 123 3668 262 3742; x_wconf 89' lang='lat' dir='ltr'>dubium,</span> <span class='ocrx_word' id='word_1_196' title='bbox 296 3690 361 3732; x_wconf 88' lang='lat' dir='ltr'>eum</span> <span class='ocrx_word' id='word_1_197' title='bbox 391 3673 427 3730; x_wconf 86' lang='lat' dir='ltr'>ad</span> <span class='ocrx_word' id='word_1_198' title='bbox 458 3689 521 3732; x_wconf 87' lang='lat' dir='ltr'>eam</span> <span class='ocrx_word' id='word_1_199' title='bbox 549 3679 655 3732; x_wconf 86' lang='lat' dir='ltr'>metam</span> <span class='ocrx_word' id='word_1_200' title='bbox 682 3675 868 3748; x_wconf 84' lang='lat' dir='ltr'>peruenisse,</span> <span class='ocrx_word' id='word_1_201' title='bbox 900 3674 937 3732; x_wconf 88' lang='lat' dir='ltr'>ad</span> <span class='ocrx_word' id='word_1_202' title='bbox 963 3690 1046 3747; x_wconf 87' lang='lat' dir='ltr'>quam</span> <span class='ocrx_word' id='word_1_203' title='bbox 1075 3671 1222 3742; x_wconf 82' lang='lat' dir='ltr'>tendebat,</span> 
     </span>
     <span class='ocr_line' id='line_1_30' title="bbox 69 3776 1223 3849; baseline 0.008 -21"><span class='ocrx_word' id='word_1_204' title='bbox 69 3789 171 3848; x_wconf 88' lang='lat' dir='ltr'>nempe</span> <span class='ocrx_word' id='word_1_205' title='bbox 195 3776 231 3834; x_wconf 87' lang='lat' dir='ltr'>ad</span> <span class='ocrx_word' id='word_1_206' title='bbox 255 3779 340 3834; x_wconf 87' lang='lat' dir='ltr'>vitam</span> <span class='ocrx_word' id='word_1_207' title='bbox 363 3782 510 3834; x_wconf 74' lang='lat' dir='ltr'>aeternam.</span> <span class='ocrx_word' id='word_1_208' title='bbox 553 3777 661 3836; x_wconf 82' lang='lat' dir='ltr'>Solitos</span> <span class='ocrx_word' id='word_1_209' title='bbox 682 3783 762 3848; x_wconf 88' lang='lat' dir='ltr'>erat,</span> <span class='ocrx_word' id='word_1_210' title='bbox 784 3777 851 3836; x_wconf 89' lang='lat' dir='ltr'>dum</span> <span class='ocrx_word' id='word_1_211' title='bbox 872 3777 966 3836; x_wconf 86' lang='lat' dir='ltr'>adbuc</span> <span class='ocrx_word' id='word_1_212' title='bbox 986 3793 1126 3849; x_wconf 82' lang='lat' dir='ltr'>prospera</span> <span class='ocrx_word' id='word_1_213' title='bbox 1147 3778 1223 3836; x_wconf 87' lang='lat' dir='ltr'>vale·</span> 
     </span>
     <span class='ocr_line' id='line_1_31' title="bbox 68 3881 1223 3955; baseline 0 -16"><span class='ocrx_word' id='word_1_214' title='bbox 68 3882 169 3939; x_wconf 90' lang='lat' dir='ltr'>tudine</span> <span class='ocrx_word' id='word_1_215' title='bbox 193 3887 335 3952; x_wconf 90' lang='lat' dir='ltr'>uteretur,</span> <span class='ocrx_word' id='word_1_216' title='bbox 358 3882 412 3938; x_wconf 91' lang='lat' dir='ltr'>hoc</span> <span class='ocrx_word' id='word_1_217' title='bbox 433 3881 547 3938; x_wconf 88' lang='lat' dir='ltr'>nomine</span> <span class='ocrx_word' id='word_1_218' title='bbox 568 3882 729 3952; x_wconf 86' lang='lat' dir='ltr'>pracsertim</span> <span class='ocrx_word' id='word_1_219' title='bbox 750 3882 886 3953; x_wconf 83' lang='lat' dir='ltr'>gloriari,</span> <span class='ocrx_word' id='word_1_220' title='bbox 908 3882 986 3955; x_wconf 93' lang='lat' dir='ltr'>quod</span> <span class='ocrx_word' id='word_1_221' title='bbox 1005 3882 1079 3940; x_wconf 88' lang='lat' dir='ltr'>adeo</span> <span class='ocrx_word' id='word_1_222' title='bbox 1099 3881 1223 3942; x_wconf 88' lang='lat' dir='ltr'>clemen·</span> 
     </span>
     <span class='ocr_line' id='line_1_32' title="bbox 66 3985 1222 4060; baseline 0.001 -17"><span class='ocrx_word' id='word_1_223' title='bbox 66 3991 123 4044; x_wconf 91' lang='lat' dir='ltr'>tem</span> <span class='ocrx_word' id='word_1_224' title='bbox 146 3992 179 4045; x_wconf 90' lang='lat' dir='ltr'>et</span> <span class='ocrx_word' id='word_1_225' title='bbox 201 3985 356 4057; x_wconf 80' lang='lat' dir='ltr'>benignum</span> <span class='ocrx_word' id='word_1_226' title='bbox 378 3987 536 4059; x_wconf 89' lang='lat' dir='ltr'>principem</span> <span class='ocrx_word' id='word_1_227' title='bbox 562 3986 769 4046; x_wconf 81' lang='lat' dir='ltr'>Gelsitudinern</span> <span class='ocrx_word' id='word_1_228' title='bbox 794 3988 925 4046; x_wconf 79' lang='lat' dir='ltr'>Vestram</span> <span class='ocrx_word' id='word_1_229' title='bbox 946 3986 1075 4056; x_wconf 85' lang='lat' dir='ltr'>baberet,</span> <span class='ocrx_word' id='word_1_230' title='bbox 1096 3986 1145 4060; x_wconf 87' lang='lat' dir='ltr'>qui</span> <span class='ocrx_word' id='word_1_231' title='bbox 1166 4003 1222 4044; x_wconf 93' lang='lat' dir='ltr'>uon</span> 
     </span>
     <span class='ocr_line' id='line_1_33' title="bbox 67 4090 1223 4166; baseline 0 -18"><span class='ocrx_word' id='word_1_232' title='bbox 67 4090 169 4158; x_wconf 76' lang='lat' dir='ltr'>solum,</span> <span class='ocrx_word' id='word_1_233' title='bbox 193 4091 262 4150; x_wconf 89' lang='lat' dir='ltr'>dum</span> <span class='ocrx_word' id='word_1_234' title='bbox 285 4093 410 4162; x_wconf 84' lang='lat' dir='ltr'>viveret,</span> <span class='ocrx_word' id='word_1_235' title='bbox 432 4093 475 4150; x_wconf 89' lang='lat' dir='ltr'>sui</span> <span class='ocrx_word' id='word_1_236' title='bbox 496 4108 593 4150; x_wconf 87' lang='lat' dir='ltr'>curam</span> <span class='ocrx_word' id='word_1_237' title='bbox 616 4091 751 4163; x_wconf 87' lang='lat' dir='ltr'>haberet,</span> <span class='ocrx_word' id='word_1_238' title='bbox 782 4111 878 4152; x_wconf 88' lang='lat' dir='ltr'>verum</span> <span class='ocrx_word' id='word_1_239' title='bbox 909 4093 995 4152; x_wconf 88' lang='lat' dir='ltr'>etiam</span> <span class='ocrx_word' id='word_1_240' title='bbox 1016 4096 1223 4166; x_wconf 88' lang='lat' dir='ltr'>postmortem</span> 
     </span>
    </p>
   </div>
   <div class='ocr_carea' id='block_1_10' title="bbox 639 4221 654 4254">
    <p class='ocr_par' dir='ltr' id='par_1_15' title="bbox 639 4221 654 4254">
     <span class='ocr_line' id='line_1_34' title="bbox 639 4221 654 4254; baseline 0 0"><span class='ocrx_word' id='word_1_241' title='bbox 639 4221 654 4254; x_wconf 56' lang='grc' dir='ltr'>ΙΙ(</span> 
     </span>
    </p>
   </div>
   <div class='ocr_carea' id='block_1_11' title="bbox 137 4321 574 4466">
    <p class='ocr_par' dir='ltr' id='par_1_16' title="bbox 137 4321 574 4466">
     <span class='ocr_line' id='line_1_35' title="bbox 137 4321 574 4382; baseline 0.014 -6"><span class='ocrx_word' id='word_1_242' title='bbox 137 4325 149 4377; x_wconf 95' lang='lat' dir='ltr'>l</span> <span class='ocrx_word' id='word_1_243' title='bbox 175 4322 349 4380; x_wconf 85' lang='lat' dir='ltr'>Undeutlich</span> <span class='ocrx_word' id='word_1_244' title='bbox 371 4342 403 4378; x_wconf 83' lang='lat' dir='ltr'>cu</span> <span class='ocrx_word' id='word_1_245' title='bbox 422 4321 508 4378; x_wconf 85' lang='lat' dir='ltr'>lesen.</span> <span class='ocrx_word' id='word_1_246' title='bbox 564 4375 574 4382; x_wconf 90' lang='lat'>.</span> 
     </span>
     <span class='ocr_line' id='line_1_36' title="bbox 137 4409 310 4466; baseline 0.017 -3"><span class='ocrx_word' id='word_1_247' title='bbox 137 4412 154 4463; x_wconf 80' lang='lat'><strong>2</strong></span> <span class='ocrx_word' id='word_1_248' title='bbox 175 4409 204 4463; x_wconf 87' lang='lat' dir='ltr'>S.</span> <span class='ocrx_word' id='word_1_249' title='bbox 222 4427 248 4464; x_wconf 89' lang='lat' dir='ltr'>u.</span> <span class='ocrx_word' id='word_1_250' title='bbox 269 4413 310 4466; x_wconf 79' lang='lat'>17.</span> 
     </span>
    </p>
   </div>
   <div class='ocr_carea' id='block_1_12' title="bbox 0 0 1446 5074">
    <p class='ocr_par' dir='ltr' id='par_1_17' title="bbox 0 0 1446 5074">
     <span class='ocr_line' id='line_1_37' title="bbox 0 0 1446 5074; baseline 0 3"><span class='ocrx_word' id='word_1_251' title='bbox 0 0 1446 5074; x_wconf 95' lang='lat' dir='ltr'> </span> 
     </span>
    </p>
   </div>
  </div>
 </body>
</html>
