2830 5072
770 368 832 430 324
1314 368 1373 422 1562

230 535 408 610 subterfugio
419 539 556 611 laborem,
572 540 659 599 etiam
670 539 695 597 si
705 539 758 596 sim
773 555 870 610 senex,
885 539 997 606 nullum·
1010 541 1177 614 periculum,
1194 541 1263 600 dum
1276 542 1371 614 possin

230 643 340 702 seruire
361 644 490 702 ecclesia
510 644 618 702 domiui
638 644 730 702 nostri
750 643 821 701 Jesu
842 641 965 713 Christi;
995 660 1095 704 verum
1120 646 1145 703 si
1166 647 1230 719 ejus
1250 646 1372 704 volunta

231 747 329 819 fuerit,
350 749 427 822 quod
441 739 498 807 ιιόιι
514 765 607 808 essem
623 747 737 824 (saltem
751 746 842 820 nunc)
854 748 956 819 iturus,
967 750 1094 808 coelestis
1104 750 1193 808 Pater
1203 751 1271 808 milri
1285 751 1372 823 posuit

230 854 259 912 in
280 869 344 925 cor,
369 859 402 912 ιιι
430 870 482 927 per
507 853 618 926 aliquot
637 869 750 912 menses
772 852 866 912 (luriae
887 853 1067 913 Rhoetiarnm
1094 856 1296 927 consisterem,
1325 873 1371 928 quo

230 975 276 1017 me
296 974 409 1030 possem
429 957 495 1018 hinc
515 959 563 1016 vix
593 960 718 1033 quinque
739 957 840 1016 diebus
867 957 1014 1028 conferre3
1047 976 1195 1032 sperarem
1215 961 1307 1032 eninr,
1334 977 1371 1018 me

231 1079 317 1136 posse
337 1077 391 1136 per
411 1064 474 1136 ejns
495 1062 618 1135 grat-iam
639 1060 748 1118 addere
768 1059 879 1134 aliquid
901 1061 957 1118 olei
979 1062 1097 1130 camino,
1119 1060 1236 1122 eiicere
1260 1065 1371 1131 scilicet

230 1176 262 1227 ut
283 1169 463 1241 evangelium
485 1168 575 1241 magis
594 1167 655 1226 illic
670 1167 796 1238 arderet,
815 1167 937 1239 iuvante
952 1167 1085 1236 Domino,
1106 1168 1372 1241 cujusmodicunque

230 1274 292 1346 sim,
314 1291 377 1333 curn
399 1273 498 1348 lingua
519 1273 558 1332 sit
577 1273 647 1331 mihi
668 1279 745 1345 nota,
768 1278 798 1332 et
818 1273 924 1346 possim
944 1274 1067 1347 ipsemet
1078 1274 1249 1346 praedicare,
1269 1281 1300 1332 et
1314 1291 1371 1334 con-

230 1385 387 1452 sequenter
407 1379 557 1438 continere
578 1377 686 1438 infide
708 1394 758 1436 eos
778 1378 916 1452 populos,
946 1394 983 1436 ne
1011 1378 1097 1436 alteri
1126 1396 1211 1451 quam
1231 1379 1371 1438 Gallorum

205 1527 208 1548 ,
230 1485 294 1556 regi
313 1489 365 1543 aut
384 1471 585 1542 illustrissimis
609 1481 723 1554 imperii
755 1479 932 1554 principibus
952 1480 1164 1539 concederetur
1185 1483 1299 1540 maximi
1320 1499 1371 1540 mo·

231 1591 321 1649 menti
342 1606 442 1662 passus
463 1589 513 1647 ille
534 1595 585 1646 aut
604 1587 763 1658 transitus3
794 1587 849 1644 hoc
875 1587 904 1644 in
924 1601 970 1643 me
1001 1584 1138 1644 auderem
1168 1587 1297 1660 recipere
1327 1603 1371 1660 per

229 1693 352 1768 gratiam
373 1693 442 1766 Dei,
471 1697 617 1752 ettamen
638 1693 705 1750 nolo
726 1691 856 1764 privatus
885 1707 947 1749 esse
976 1697 1006 1749 et
1032 1692 1078 1748 vix
1099 1689 1207 1750 habere
1235 1691 1306 1750 duos
1335 1691 1370 1750 la·

230 1798 331 1868 mulos,
352 1795 401 1869 qui
422 1812 467 1854 me
487 1800 659 1854 sustentent.
700 1793 813 1853 Deinde
842 1811 907 1854 cum
934 1811 991 1852 nou
1011 1794 1085 1854 adeo
1107 1795 1209 1866 procul
1228 1795 1296 1854 inde
1317 1796 1370 1853 Tri-

232 1901 350 1960 dentum
378 1901 481 1969 distet,
508 1902 611 1960 vellem
641 1901 768 1974 aliquem
795 1916 851 1958 uon
884 1901 1097 1973 imprudentem
1118 1916 1213 1973 neque
1234 1901 1370 1960 indoctum

230 2021 265 2065 eo
285 2003 416 2076 mittere,
438 2003 486 2076 qui
506 2002 642 2076 plurima,
664 2019 729 2076 quae
754 1999 845 2073 fiunt,
876 2002 946 2059 mihi
973 2001 1158 2074 significaret.
1200 2005 1254 2062 Est
1273 2011 1305 2062 et
1324 2005 1370 2062 alia

231 2123 333 2180 causa,
359 2124 423 2181 quae
443 2123 489 2165 me
509 2112 610 2180 urget,
640 2113 672 2165 ut
692 2106 804 2178 cupiam
824 2107 980 2166 accedere:
1012 2113 1057 2166 est
1077 2109 1136 2168 illic
1157 2109 1345 2183 typographia
1355 2108 1369 2180 ¹,

230 2213 311 2285 Papa
329 2227 423 2284 nuper
442 2227 495 2284 per
514 2229 598 2270 suum
611 2213 737 2284 legatum
750 2211 836 2285 petiit
849 2228 866 2270 a
881 2211 1002 2270 dominis
1013 2212 1134 2287 Rhaetis,
1156 2220 1190 2274 ut
1211 2231 1273 2273 earu
1295 2230 1367 2274 erer-

229 2325 341 2389 terent,
372 2317 448 2390 qnod
469 2334 525 2376 non
548 2324 766 2387 concesserunt;
794 2317 991 2390 typographus
1018 2318 1186 2394 (corruptus
1207 2307 1307 2394 credo)
1327 2321 1368 2390 ait,

230 2439 261 2482 se
282 2423 359 2481 nolle
386 2422 507 2495 amplius
536 2437 599 2480 eam
624 2420 748 2492 habere,
779 2427 904 2495 suntque
931 2421 1072 2494 papistae,
1104 2423 1154 2494 qui
1179 2424 1299 2497 cupiunt
1323 2423 1368 2481 sibi

230 2543 337 2600 emere,
359 2533 392 2586 ut
411 2526 470 2586 illic
490 2525 635 2584 excudent
655 2526 780 2584 missalia
801 2531 831 2584 et
851 2525 970 2600 similia3
993 2543 1047 2601 ego
1067 2543 1137 2585 vero
1151 2543 1270 2586 moneor
1284 2543 1302 2586 a
1314 2526 1368 2597 Spi-

230 2633 289 2691 ritu
309 2639 421 2703 snncto,
443 2649 479 2690 ne
500 2632 604 2703 sinam,
626 2630 776 2706 (qnantum
798 2631 894 2689 inme
916 2631 972 2708 est)
993 2631 1074 2690 illam
1095 2631 1171 2690 elabi
1194 2649 1230 2690 ex
1249 2631 1368 2691 manibus
1413 2633 1414 2644 ¹

231 2735 475 2806 Olrristiauorum;
504 2739 549 2792 est
575 2733 651 2791 enim
671 2732 873 2806 percommodo
900 2733 929 2790 in
956 2732 1007 2792 illo
1027 2734 1110 2808 loco,
1141 2753 1246 2810 nempe
1266 2735 1322 2794 iere
1341 2739 1366 2793 in

230 2840 326 2914 ltalia,
348 2856 405 2899 non
426 2839 484 2898 diei
504 2841 609 2898 itinere
630 2839 716 2912 longe
737 2838 773 2896 ab
795 2838 893 2910 ltalia,
916 2837 964 2897 ubi
984 2847 1081 2899 tamen
1096 2841 1175 2914 Papa
1197 2842 1268 2900 nihil
1287 2840 1364 2899 habet

230 2947 393 3020 potestatis.
432 2943 583 3003 Postremo
610 2945 726 3018 plurimi
755 2960 791 3002 ex
817 2945 875 3003 illis
901 2943 1038 3003 iratribus
1068 2963 1126 3005 uno
1154 2963 1207 3006 ore
1235 2964 1307 3006 nunc
1322 2961 1363 3002 rue
1412 2997 1413 3024 ,

228 3067 283 3122 per
302 3051 416 3108 litteras
436 3056 539 3108 vocant
559 3057 730 3122 urgentque,
751 3056 784 3108 nt
804 3050 953 3123 accedam,
980 3055 1098 3121 sperant
1118 3053 1204 3124 euim,
1225 3069 1270 3111 me
1289 3066 1362 3124 posse

228 3155 288 3213 illic
307 3154 417 3226 aliquid
438 3171 515 3214 nunc
534 3153 683 3228 proficere.
725 3155 820 3226 Quare
841 3156 947 3212 iterum
974 3153 1052 3227 dico,
1077 3157 1102 3213 si
1127 3156 1158 3213 in
1180 3155 1287 3215 Gallias
1305 3170 1365 3214 eun-

230 3259 298 3318 dum
318 3261 363 3331 sit,
386 3277 442 3319 ιιοιι
463 3275 575 3328 recuso,
595 3259 643 3320 ibo
664 3277 803 3334 perquam
823 3259 957 3329 libenter,
976 3261 1035 3333 jam
1057 3277 1118 3319 sum
1139 3267 1267 3333 paratus,
1287 3257 1365 3319 utui-

230 3363 272 3422 hil
297 3369 405 3436 praeter
430 3366 590 3437 jussionem
616 3363 819 3423 illustrissimae
845 3364 1033 3423 Celsitudinis
1054 3365 1168 3422 Vestrae
1200 3371 1365 3439 exspectem,

230 3468 282 3526 sed
302 3470 326 3526 si
348 3469 415 3542 quid
437 3468 483 3544 (ut
502 3469 574 3546 dixi)
599 3470 754 3543 impediret
781 3469 880 3544 (video
908 3469 983 3526 enim
1010 3485 1072 3527 ιειιι
1098 3470 1212 3541 longius
1239 3464 1367 3541 protrahi)

230 3573 299 3646 dixi,
321 3573 391 3645 quid
412 3574 529 3646 spiritus
550 3593 595 3634 me
616 3580 746 3647 moueat,
778 3575 835 3632 imo
857 3574 1033 3643 exstimulet3
1063 3575 1122 3646 jam
1144 3591 1207 3632 sum
1227 3571 1367 3648 granduna

231 3683 326 3746 celate,
348 3678 509 3752 vellemque
529 3679 624 3738 adhuc
644 3679 752 3753 aliquid
773 3695 860 3751 agere
882 3696 935 3752 pro
957 3678 1085 3750 Christo,
1113 3680 1136 3737 si
1165 3679 1208 3738 illi
1228 3672 1365 3752 placuerit,

229 3787 382 3854 autequam
404 3783 525 3853 moriam
546 3781 745 3840 Illustrissima
765 3781 914 3841 celsitudo
935 3783 1041 3840 Vestra
1060 3783 1197 3855 dignetur
1216 3779 1365 3839 haedere
1410 3837 1411 3864 ἶ

230 3887 357 3958 cogitare
379 3893 409 3944 et
429 3903 510 3944 suurn
531 3887 601 3948 milui
623 3887 661 3964 (si
681 3888 794 3946 libitum
815 3886 917 3962 fuerit)
935 3887 1079 3960 jndicinm
1099 3883 1287 3961 significaret-

800 3993 815 4026 s

304 4068 316 4120 1
338 4065 364 4120 S.
384 4085 411 4121 n.
433 4069 491 4123 133.
529 4067 580 4122 Die
607 4068 753 4124 druckerei
771 4087 829 4124 war
854 4069 884 4123 in
909 4068 1068 4134 Pnschlav,
1095 4059 1364 4122 unanimanti

231 4153 304 4207 worn
323 4138 453 4220 iusseras,
473 4157 559 4210 ceren
576 4156 757 4227 einrichuung
769 4174 799 4212 er
813 4157 881 4213 ιειιι
893 4157 952 4210 uno
966 4159 997 4211 51
1018 4156 1102 4226 eitrig
1120 4153 1257 4210 belselel
1273 4145 1361 4203 aarum

230 4244 325 4310 spdter
343 4241 439 4296 wollte
456 4243 562 4311 Verger
581 4244 644 4298 eine
662 4244 762 4312 eigene
781 4243 927 4299 druclrerei
946 4244 976 4297 in
990 4243 1066 4298 Ohur
1083 4243 1137 4296 mit
1154 4240 1228 4296 hillse
1245 4237 1284 4292 dee
1298 4231 1362 4284 her·

229 4343 294 4396 coge
313 4327 468 4391 errichten,
494 4329 562 4382 aber
587 4329 633 4383 die
652 4329 896 4385 schweiuerisohen
917 4329 1086 4400 geistlichen
1106 4346 1198 4382 waren
1215 4323 1284 4380 nicht
1296 4316 1362 4370 sehr
1409 4353 1410 4444 1

230 4414 331 4468 erbaut
350 4414 441 4468 dauon
461 4417 518 4468 und
536 4433 566 4472 so
584 4417 651 4472 luam
671 4417 798 4474 eunichi
816 4417 895 4472 daun.
932 4417 1027 4487 Meyer
1046 4417 1083 4482 Il,
1102 4418 1161 4472 243.
