2830 5072
770 345 832 408 296

773 623 837 679 130.

524 761 652 846 Verger
675 784 717 825 an
741 759 863 846 herzog
886 759 1072 847 Christopb.
1178 779 1181 785 “

568 901 738 974 depingeu
760 903 779 958 8
800 900 926 960 October
949 902 1032 958 1561.

300 1029 491 1088 Nuchrichten
511 1047 560 1086 aus
576 1029 678 1086 italien
697 1029 756 1086 und
774 1029 973 1092 Graubilnden‚
993 1045 1047 1084 von
1060 1026 1157 1098 Poissy
1170 1027 1230 1082 und
1243 1026 1361 1096 Venedig.

306 1144 502 1206 Illustrissime
523 1145 661 1220 Princeps
682 1151 711 1206 et
732 1145 855 1206 Domine
876 1145 999 1205 Domine
1020 1144 1266 1204 Clementissirne!

306 1249 499 1324 Posteaquam
520 1251 645 1310 inclusas
665 1252 778 1310 litteras
799 1251 983 1323 scripsissem,
1005 1249 1103 1320 accepi
1123 1253 1186 1306 tum
1208 1248 1361 1318 cxllhaetiu,

229 1357 290 1410 tum
311 1368 347 1410 ex
367 1350 453 1411 Italic
474 1351 598 1412 litteras.
629 1353 709 1426 Papa
729 1353 890 1411 Bononiam
911 1357 1050 1412 venturus
1071 1358 1123 1424 est,
1146 1350 1291 1412 affirmant
1309 1369 1361 1410 eun

227 1456 343 1527 dixisse,
365 1471 395 1514 se
417 1473 523 1529 cupere
541 1459 708 1518 viciniorem
725 1475 789 1517 esse
807 1459 947 1516 cardinali
957 1459 1084 1518 Mantnae
1095 1458 1114 1532 ¹,
1134 1459 1251 1518 ’11111111
1269 1459 1361 1531 legato.
1409 1516 1410 1519 ,

228 1563 301 1621 Erat
321 1563 488 1624 dimissurus
509 1565 682 1624 cardinalem
703 1566 843 1638 Puteum,
875 1567 924 1640 qui
951 1572 1053 1638 ageret
1072 1565 1171 1624 Romae
1191 1563 1360 1637 legationen.

229 1667 323 1739 Urget
343 1667 507 1739 concillum;
529 1666 626 1726 multis
648 1669 722 1725 enirn
746 1668 891 1726 mandauit
912 1667 1061 1742 episcopis,
1083 1672 1116 1725 ut
1130 1665 1280 1737 accedant,
1299 1665 1361 1724 inter

229 1787 303 1845 quos
323 1773 388 1830 novi
408 1773 562 1832 nonnullos
582 1771 666 1830 valde
687 1771 827 1831 indoctos.

309 1875 458 1934 Praeterea
472 1875 509 1937 de
521 1875 706 1950 rebusPapae
720 1875 858 1948 scribunt,
880 1893 945 1934 curn
965 1877 1027 1962 ipse
1047 1875 1137 1934 fucrit
1157 1875 1265 1934 litteris
1284 1875 1359 1934 missis

230 1995 266 2037 ex
287 1981 353 2038 aule
374 1979 496 2038 Cesaris
516 1981 655 2048 monitus,
684 1979 760 2054 quod
780 1980 964 2066 illustrissimi
986 1979 1091 2038 domini
1112 1984 1306 2052 protestantes
1323 1977 1359 2036 ad·

228 2101 328 2145 versus
349 2101 414 2143 eum
434 2090 465 2142 et
484 2090 609 2157 quatuor
629 2084 857 2157 predecessores
877 2099 1043 2156 processum
1063 2085 1225 2156 instruant,
1247 2090 1278 2142 et
1296 2084 1358 2142 illun

228 2190 304 2248 velle
324 2189 410 2248 armis
431 2189 589 2260 castigare,
617 2188 699 2248 valde
721 2187 809 2247 luisse
831 2193 1018 2261 commotum3
1049 2189 1152 2262 scribo,
1175 2189 1254 2264 quod
1272 2189 1308 2248 ad
1324 2203 1357 2245 ne

227 2293 364 2366 scribunt,
385 2297 409 2353 si
430 2299 508 2354 esset
528 2311 636 2366 rerum,
659 2293 736 2367 quod
757 2295 886 2366 dixisset,
908 2295 984 2368 quod
1005 2313 1061 2355 non
1079 2295 1263 2367 crediderim,
1283 2293 1357 2352 antei

228 2398 310 2470 dixit,
330 2405 401 2472 puto
423 2417 552 2473 quaerere
566 2417 680 2460 causam
690 2400 760 2460 belli
773 2401 903 2474 gerendi,
926 2409 956 2461 et
972 2401 1044 2460 nihil
1058 2401 1169 2472 dubito,
1190 2402 1261 2474 quin
1277 2399 1357 2458 fuisset

227 2505 320 2562 iturus
340 2503 378 2562 ed
398 2521 479 2564 erma
498 2521 610 2580 revere,
631 2507 656 2564 si
668 2506 756 2564 Pater
770 2507 897 2566 coelestis
913 2523 970 2566 non
985 2507 1154 2565 suscitasset
1174 2523 1241 2564 eum
1260 2511 1356 2573 motum,

229 2625 314 2682 quem
334 2609 481 2668 suscitavit
500 2611 530 2668 in
551 2609 661 2682 Gallia,
690 2609 726 2678 de
747 2627 804 2684 qua
823 2611 914 2669 multa
935 2611 1022 2670 audio
1042 2610 1118 2669 bona
1138 2611 1251 2668 nuntia.
1289 2609 1356 2682 Spar·

228 2719 299 2786 gunt
326 2719 435 2784 tamen,
462 2714 538 2787 quod
564 2714 666 2787 regina
693 2719 787 2772 mater
813 2714 935 2786 dixerit,
962 2731 993 2774 se
1014 2715 1088 2774 velle
1107 2731 1161 2789 per
1182 2716 1278 2774 omnia
1295 2711 1357 2772 Petri

229 2816 383 2878 Martiris'
402 2818 564 2878 Florentini
585 2817 735 2876 consilium
756 2819 847 2890 sequi,
869 2819 918 2892 qui
937 2818 1046 2892 Tignro
1067 2820 1194 2879 advenit.
1408 2897 1409 2902 ἵ

306 2923 339 2980 11
360 2922 473 2982 Rhaetia
493 2923 552 2981 sire
565 2923 642 2996 apud
657 2923 794 2983 Grisones
815 2941 872 2982 non
895 2931 939 2982 est
955 2923 1060 2998 futura,
1077 2925 1170 2998 qualis
1191 2923 1356 2984 metuebatur

228 3028 314 3102 dieta,
337 3028 372 3087 de
393 3029 530 3088 ministris
551 3029 662 3088 scilicet
683 3029 825 3102 evangelii
844 3029 1045 3103 projiciendis,
1066 3029 1193 3089 instante
1215 3046 1272 3090 non
1290 3025 1357 3086 modo

228 3133 316 3206 Papa,
338 3133 390 3190 sed
412 3133 525 3192 Gaesarc
546 3139 577 3192 et
589 3134 731 3208 Philippo,
753 3151 846 3209 neque
868 3135 905 3194 de
926 3151 999 3194 1111
1018 3134 1130 3195 foedere
1152 3151 1217 3193 cum
1236 3129 1356 3207 ipsoPhi·

229 3227 321 3311 lippo,
350 3239 392 3298 uti
412 3237 570 3297 Mediolani
592 3239 666 3311 duci,
688 3239 844 3298 sanciendo
861 3240 1020 3328 ¹repudiata
1041 3239 1144 3299 Gallia.
1175 3240 1252 3298 Nam
1276 3238 1307 3296 de
1324 3233 1356 3292 lis

230 3341 404 3414 gravissimis
424 3344 552 3402 materiis
572 3349 636 3402 erat
657 3342 755 3402 futura
775 3343 863 3414 dieta,
884 3350 917 3402 ut
929 3345 1054 3414 memini,
1069 3362 1115 3404 me
1132 3361 1229 3404 coram
1242 3336 1355 3402 diasat

309 3444 414 3516 Audio,
436 3462 472 3504 11
484 3445 589 3520 Anglia
608 3464 723 3522 qnoque
746 3448 847 3507 missos
868 3447 957 3506 inisse
979 3449 1157 3508 doctissimos
1179 3449 1309 3523 quosdam
1325 3442 1355 3501 vi·

228 3566 277 3610 ros
296 3551 326 3608 in
348 3549 457 3610 Gallias
477 3551 514 3609 ad
542 3552 730 3626 colloquium,
762 3569 819 3627 qua
844 3552 1235 3628 1111111111Β111111111114
1261 3550 1353 3610 111111.

230 3655 307 3730 qnod
334 3672 410 3714 nunc
436 3661 530 3714 actum
558 3657 614 3715 erit
645 3655 681 3714 de
707 3655 930 3716 Lutheranismo
962 3656 1014 3734 (sic
1045 3657 1120 3736 enirn
1147 3655 1261 3734 inquit).
1297 3654 1352 3712 Nan

230 3759 449 3835 (meoiudicio)
470 3760 524 3818 hoc
545 3767 654 3829 curant,
676 3765 708 3819 nt
722 3759 920 3834 Augustanam
942 3759 1151 3822 confessionem
1173 3763 1284 3821 videant
1301 3773 1350 3816 oon·

796 3893 811 3926 tls

302 3967 425 4022 1111.
460 3949 462 3954 ’

300 4057 316 4108 2
335 4055 362 4110 S.
381 4074 408 4110 n.
429 4057 487 4110 123.
516 4056 671 4112 Katharine
689 4056 833 4112 zeichuete
853 4057 1007 4127 allerdings
1019 4058 1129 4128 Martyr
1147 4057 1190 4113 als
1207 4057 1347 4112 landenam

229 4159 278 4196 vor
297 4143 351 4196 den
370 4143 476 4198 andern
496 4160 552 4206 aus,
572 4162 592 4197 s.
614 4143 699 4197 Barim
719 4143 872 4206 1127311.

298 4229 358 4284 3S.
377 4249 404 4284 n.
426 4230 484 4284 115.
1018 4281 1021 4286 .

298 4317 314 4370 4
332 4316 367 4370 N.
388 4317 454 4381 111;
473 4315 605 4386 librigens
617 4317 719 4373 lamen
733 4317 816 4374 keine
828 4318 992 4390 englischen
1005 4319 1166 4390 theologen,
1185 4320 1270 4390 spiter
1279 4305 1344 4368 dard

228 4403 297 4465 aber
314 4404 422 4475 Verger
440 4403 543 4463 wieder
561 4403 652 4464 beseer
670 4405 722 4462 mit
741 4405 894 4476 Bullinger.
1008 4459 1010 4464 .
