2862 5080
74 339 135 395 15⁶4
597 345 659 406 417

72 513 133 586 gali,
152 516 336 572 numerarunt
355 511 423 570 mihi
445 515 561 570 eentum
582 513 685 586 vigind
697 517 824 584 tentum;
845 514 971 574 obierum
989 515 1065 573 enim
1077 517 1204 576 inPrus·

71 620 132 676 siam
150 625 233 691 atque
254 617 420 689 Polonium,
451 632 546 690 neque
574 623 657 688 erat,
689 619 738 691 qni
766 619 913 690 negotium
934 626 1054 692 urgeret
1073 636 1126 694 pro
1147 637 1202 680 me.
1232 595 1234 602 Ι

71 723 201 781 Reuersus
220 737 277 780 non
297 721 378 793 potui
399 727 511 780 mutare
533 727 639 780 statum
660 723 721 791 rei,
750 737 815 782 num
838 721 906 780 milri
931 723 1118 783 solvebantur
1145 741 1203 784 non

70 812 145 897 prout
163 842 181 884 a
199 843 268 900 rege
290 827 477 884 constitutum
500 826 617 884 ducenti
646 828 795 896 coronati,
827 827 879 886 sed
903 833 1019 887 uentum
1045 833 1075 887 et
1101 829 1204 902 uiginti

70 930 204 990 dumtaxat
216 931 306 990 inscio
327 947 445 1004 prorsus
465 947 544 1004 rege.
576 931 705 1004 Contigit
726 931 840 1000 deinde,
861 937 894 991 ut
914 939 1038 1006 quatuor
1058 934 1202 993 eontinuis

70 1035 142 1093 aunis
160 1035 259 1107 pensio
280 1035 451 1103 cessaverit,
472 1051 526 1096 nee
545 1033 601 1094 init
621 1036 744 1110 enipium
765 1036 868 1096 soluta.
909 1037 989 1096 Tune
1010 1036 1114 1099 Vestra
1134 1038 1203 1097 Illu-

70 1141 197 1198 strissima
217 1140 364 1200 Gelaitudo
392 1157 496 1213 magna
519 1142 629 1214 pietate
651 1157 720 1214 erga
739 1158 785 1200 me
805 1140 860 1201 fuit
880 1157 932 1202 usa
952 1148 982 1202 et
1002 1143 1039 1202 de
1059 1160 1110 1202 suo
1131 1143 1201 1202 mihi

68 1243 142 1313 jussit
161 1247 306 1304 numerari
326 1245 466 1304 ducentos
485 1246 601 1305 oirniter
621 1245 748 1306 florenos
768 1248 798 1305 in
819 1261 910 1315 anno;
936 1249 997 1320 jam
1017 1263 1083 1306 eum
1102 1263 1149 1307 reu
1169 1247 1199 1305 in

70 1363 99 1406 eo
117 1349 152 1408 sit
170 1355 257 1422 statu,
278 1349 410 1408 dominns
424 1349 589 1410 Bellinurua
600 1349 617 1423 ¹,
638 1352 687 1424 qni
707 1367 782 1409 nuno
802 1352 863 1423 agit
882 1353 911 1411 in
927 1351 1042 1410 Rhaetiu
1062 1351 1140 1424 regis
1159 1351 1202 1409 le·

69 1457 165 1524 gutum,
186 1471 249 1512 oum
269 1455 323 1514 huo
344 1455 446 1514 eadem
467 1454 502 1514 de
523 1471 556 1513 re
569 1472 632 1514 eum
648 1453 712 1528 ipso
726 1455 920 1528 contulissem,
942 1456 1010 1513 mihi
1024 1453 1204 1529 significavit,

69 1572 95 1613 se
114 1556 147 1631 (si
166 1557 370 1618 Illustrissimae
392 1558 578 1618 celsitudinis
589 1560 700 1618 Vestrae
721 1561 836 1618 litteras
850 1559 887 1619 ad
901 1575 932 1618 se
945 1561 1066 1634 aoriptas
1077 1560 1203 1635 uideret)

68 1667 274 1722 numeraturum
293 1664 423 1736 integros
444 1663 582 1724 ducentos
602 1671 756 1724 coronatos
775 1665 806 1724 in
831 1681 920 1738 anno,
948 1671 982 1724 nt
1008 1663 1127 1724 inerunt
1152 1681 1204 1724 nn·

68 1767 162 1824 merati
182 1771 312 1840 tempore
333 1769 410 1840 regia
431 1767 559 1828 Haurioi.

137 1869 253 1930 Summa
266 1878 319 1944 est,
333 1887 379 1929 me
393 1872 431 1930 ad
443 1871 649 1932 celsitudinem
662 1871 798 1931 Vestram
811 1872 1037 1930 Illustrissimam
1052 1888 1205 1932 recurrere

69 1978 94 2031 at
110 1976 256 2035 humiliter
275 1982 385 2050 petere,
407 1981 440 2036 ut
460 1978 596 2048 dignetur
616 1976 686 2036 mihi
705 1979 760 2035 hoo
780 1974 951 2035 hernefioium
964 1982 1113 2049 praestare,
1134 1978 1204 2036 seri·

67 2078 127 2137 bere
147 2081 283 2142 uidelicet
302 2082 338 2140 ad
359 2082 467 2141 dietum
487 2081 633 2141 domiuum
657 2083 799 2154 legatum,
831 2088 864 2140 ut
890 2082 1131 2155 quemadmodum
1152 2081 1204 2140 du·

68 2187 135 2244 conti
161 2189 290 2246 coronati
317 2186 436 2246 inerunt
462 2187 629 2258 constituti,
660 2193 694 2245 nt
720 2191 942 2246 numerarentur
970 2193 1001 2246 et
1029 2186 1204 2259 aliquamdiu

67 2274 198 2351 numerati
219 2291 354 2361 manunt,
376 2298 565 2351 numerentur
584 2309 660 2350 nuno
680 2307 807 2364 quoque;
838 2289 916 2363 quod
935 2292 1027 2362 ipsum
1049 2289 1202 2363 iacturum,

67 2395 171 2456 minime
192 2398 304 2456 dubito.

135 2501 220 2560 aliud
242 2507 288 2560 eat
308 2503 394 2560 etiam
414 2501 444 2559 in
465 2500 519 2559 huo
540 2517 572 2558 re
592 2498 826 2574 ponderandum:
859 2515 915 2572 qno
936 2505 1067 2574 tempore
1088 2499 1206 2559 ducenti

66 2607 185 2666 coronati
204 2605 450 2676 numerabantur,
479 2621 570 2676 nepos
596 2620 676 2664 meus
697 2604 860 2662 Lndouioua
874 2601 902 2674 ¹,
933 2605 982 2676 qui
1011 2592 1205 2661 consiliarium

66 2713 119 2782 agit
137 2712 216 2771 dunis
237 2712 381 2784 Prosda,
412 2711 442 2770 in
463 2710 585 2770 Galliam
605 2707 761 2782 proiectus'
775 2715 821 2766 est
841 2713 871 2765 et
898 2707 1088 2780 supplicavit,
1118 2713 1152 2766 ut
1174 2707 1205 2765 in

66 2831 110 2874 sno
128 2817 217 2890 ipsius
239 2819 355 2875 nomine
374 2817 475 2889 pensio
495 2821 711 2886 numeraretur,
739 2819 890 2887 postquam
917 2811 979 2870 vita
998 2809 1114 2870 iunctus
1134 2809 1205 2870 fnis-

67 2935 126 2980 sem.
155 2921 299 2993 obtinuit,
320 2920 397 2994 quod
417 2920 510 2992 petiit,
533 2917 772 2993 quemadmodum
792 2921 873 2990 patet
895 2932 931 2975 ex
950 2916 1029 2988 regis
1049 2916 1132 2986 libro,
1154 2915 1203 2973 uhi

65 3026 192 3100 seriptum
212 3026 270 3085 luit
289 3026 352 3098 ejus
371 3042 475 3085 nomen
495 3026 558 3083 looo
579 3023 701 3082 nominis
720 3021 792 3095 mei;
813 3022 911 3093 itaque
932 3022 957 3078 si
977 3020 1124 3093 negotium
1145 3035 1202 3078 uon

66 3133 272 3202 emendaretur,
293 3137 392 3205 posset
412 3132 588 3203 contingere,
609 3136 642 3188 ut
661 3131 767 3188 iterum
784 3126 826 3185 illi
840 3126 1100 3198 soluerenturpost
1112 3140 1206 3184 meam

66 3241 177 3296 mortem
200 3241 316 3296 eentum
337 3242 368 3294 et
387 3236 503 3308 viginti,
519 3251 575 3293 non
596 3239 692 3293 autem
713 3231 830 3290 duranti
843 3229 982 3298 coronati,
1002 3245 1093 3312 qnare
1107 3245 1206 3288 ooour-

65 3340 175 3398 reuduro
197 3347 276 3399 esset
297 3341 349 3398 tali
368 3339 548 3398 incommodo
570 3345 599 3397 et
623 3337 807 3397 scribendum
834 3335 870 3394 de
896 3339 960 3392 tola
984 3348 1017 3390 re
1038 3333 1133 3392 eidem
1154 3331 1206 3404 do,-

65 3447 133 3504 mino
152 3448 261 3520 legato,
283 3446 332 3520 qui
353 3462 415 3504 oum
437 3446 475 3503 sit
494 3447 536 3504 ita
556 3443 685 3515 affectus,
706 3459 768 3501 rem
788 3441 831 3498 ita
851 3453 1024 3512 componere
1044 3443 1152 3511 posset,
1173 3442 1207 3494 ut

66 3547 166 3622 liquido
186 3539 359 3624 appareret,
380 3548 458 3621 quod
478 3563 526 3606 res
548 3554 594 3605 est
613 3546 740 3624 (sincere
762 3546 838 3602 enim
859 3543 985 3620 agitur),
1008 3542 1077 3600 mihi
1097 3542 1209 3600 scilicet

66 3657 228 3715 constitutos
249 3653 338 3713 inisse
359 3669 377 3710 n
397 3670 466 3725 rege
487 3652 628 3712 ducentos
649 3655 815 3722 coronatos,
838 3649 943 3708 deinde
965 3647 1082 3707 eosdem
1102 3647 1208 3705 eonsti-

625 3773 639 3807 *

130 3858 143 3910 l
163 3857 189 3910 S.
208 3874 237 3909 n.
255 3855 316 3910 203.
352 3851 521 3922 Pomponius
540 3849 687 3913 Bellium,
707 3847 769 3918 geb.
785 3847 861 3911 1529,
881 3845 1047 3900 stntthalter
1064 3845 1095 3898 in
1113 3845 1206 3913 layum

66 3941 102 3996 ala
120 3943 398 4000 ansserordentlioher
416 3940 568 4012 gesandter
585 3937 614 3992 in
634 3937 683 3992 der
696 3934 819 3992 Schweiz
839 3933 1018 3988 aeoreditiert
1033 3931 1110 3984 Maru
1130 3931 1206 3994 1563,

65 4029 112 4088 viel
134 4030 330 4108 vermendeier
354 4029 495 4098 diplomat
521 4026 579 4080 und
603 4026 797 4086 atautsmonn,
826 4021 894 4076 1604
915 4021 997 4074 uniar
1015 4016 1147 4072 Heinrich
1167 4016 1207 4070 IV

65 4117 167 4172 muniar
184 4133 243 4173 von
261 4114 442 4171 Frankreieh.
477 4113 594 4182 †160‘l.,
626 4110 652 4164 S.
672 4110 712 4164 br.
732 4128 758 4163 ru
778 4110 839 4164 209.
858 4107 918 4161 alo.

126 4204 280 4275 2Ludwig
298 4221 357 4260 war
368 4202 435 4258 luni
449 4202 517 4272 loos
535 4199 608 4255 nauh
620 4196 749 4254 Preussen
768 4195 916 4267 geuohiokt
934 4193 1055 4257 worden,
1074 4210 1094 4245 s.
1113 4209 1141 4245 n.
1157 4189 1206 4242 183

65 4291 117 4346 und
135 4294 193 4348 184.

113 4398 204 4454 verger
963 4377 996 4431 27
