2884 5074
763 350 825 412 les
1283 329 1351 386 1⁵⁶4
1427 333 1428 370 ³

217 535 249 588 ut
268 527 427 600 intelligam
448 526 485 584 de
505 523 666 594 itineribus,
688 537 752 595 quae
772 517 883 578 inerint
904 513 1021 574 vitanda
1036 517 1088 572 aut
1100 508 1248 580 sententia,
1268 511 1353 566 metuo

217 635 293 692 euim
322 649 379 692 non
406 631 477 690 uibil
506 635 565 698 tam
594 625 786 700 perienlosum
813 622 940 689 malum,
968 619 1100 691 ignoscat
1125 613 1194 674 mibi
1217 609 1353 676 celsitudo
1427 603 1428 662 ἑ

217 737 331 795 Vestra.
355 734 441 792 Bene
455 749 541 806 spero
556 731 592 789 de
604 735 667 790 toto
685 728 800 798 itinere,
821 721 959 796 imprimis
979 719 1104 778 fructum
1126 733 1212 791 spero
1232 717 1262 774 in
1281 731 1355 774 ouum

216 840 372 916 religionis,
394 839 418 896 si
439 837 519 895 Deus
542 833 673 894 uoluerit.
714 827 911 889 Illustrissimo
933 825 999 884 duei
1019 820 1203 882 Redziuillo¹
1223 821 1254 878 in
1274 821 1355 878 auimo

216 945 309 1004 habeo
331 941 461 1016 quaedam
487 941 584 998 dicare
605 937 724 1018 ltalioa;
756 950 807 992 sua
828 932 903 990 euim
930 929 1025 1002 patria
1052 928 1126 986 mire
1155 924 1282 984 allicitur
1306 923 1354 980 ele·
1427 949 1428 1012 3

217 1050 317 1122 pontia
338 1048 405 1106 talis
426 1046 546 1118 lingnam
579 1043 642 1114 ejus
667 1039 807 1100 celsitudo
827 1035 948 1111 pulohre
969 1035 1047 1092 ualet
1072 1047 1162 1106 seque
1183 1031 1356 1088 vehementer
1427 1019 1428 1094 l

218 1152 376 1212 Serenitati
397 1150 509 1208 Vestrae
535 1145 716 1208 commendat
743 1159 801 1202 una
825 1157 945 1202 meeum.
994 1138 1083 1196 Peter
1111 1136 1239 1195 ooelestis
1267 1137 1358 1204 augeat
1427 1149 1428 1218 ,

211 1257 262 1316 illi
280 1273 348 1318 snos
369 1255 479 1314 divinum
500 1253 660 1316 thesauros,
683 1248 816 1322 spiritum
838 1253 867 1304 et
888 1243 973 1303 fidem
995 1258 1048 1316 per
1060 1241 1207 1305 Christum
1226 1239 1356 1298 dominum
1427 1245 1428 1256 ¹

219 1366 359 1420 nostrum.
1427 1407 1428 1420 χ

298 1462 436 1523 Aurelius
455 1477 536 1520 meus
557 1455 670 1530 uepos¹
691 1455 783 1528 panea
802 1453 939 1523 haberet,
969 1467 1034 1524 qnae
1054 1447 1186 1508 conferet
1204 1444 1244 1522 <ei
1264 1443 1356 1518 placet)
1427 1437 1428 1518 l

222 1569 258 1628 de
279 1567 383 1641 legatis
404 1565 530 1635 Gallicis,
552 1562 680 1622 sednon
702 1559 791 1620 audet
811 1556 958 1628 amedera,
980 1555 1035 1612 nisi
1056 1553 1256 1622 admoneatur,
1277 1549 1358 1615 feriet,

222 1673 300 1746 quud
321 1669 516 1744 imperabitur.

299 1791 438 1866 Tubiugee
458 1789 541 1848 XVII
563 1788 695 1848 Octobris
720 1787 802 1844 1564.

525 1909 729 1969 Illustrissimae
751 1905 937 1966 Gelsitudinis
958 1905 1069 1962 Vestrae

982 2008 1106 2066 servitor
1126 2007 1291 2078 Vergerins.

296 2145 457 2200 Resolntion
477 2162 532 2199 von
552 2143 600 2197 des
618 2141 734 2209 heruogs
753 2139 845 2193 hand:
881 2187 882 2190 ,
972 2210 973 2218 ¹

292 2233 329 2286 Zu
348 2232 457 2294 missen,
477 2249 520 2286 wa
539 2225 709 2297 Sohueppius
729 2224 781 2279 mit
800 2227 854 2280 deu
875 2225 1012 2280 bueohern
1034 2223 1207 2278 hiukhomen
1227 2223 1271 2275 isi.

294 2320 437 2375 Aurelium
457 2337 489 2371 nn
508 2319 603 2373 horeu.

293 2407 462 2477 Lampreeht·
481 2425 513 2460 nu
532 2405 687 2467 sohreiben,
708 2403 757 2459 das
776 2419 805 2458 er·
825 2402 865 2456 all
886 2403 918 2456 14
936 2405 987 2472 bag
1002 2400 1145 2456 lianevillo
1162 2397 1209 2452 aiu
1228 2397 1305 2453 wildt
1320 2413 1358 2466 ge-

221 2493 345 2550 eoholien
364 2495 452 2548 hetto.

749 2749 806 2806 223
818 2764 844 2806 a.

520 2877 648 2966 Herzog
671 2877 844 2961 Christoph
873 2899 915 2941 an
940 2833 1086 2960 Verger,

700 3008 781 3084 (Sine
803 3007 894 3084 dato.)

294 3129 425 3186 Autwort
444 3129 495 3184 auf
511 3147 537 3182 n.
556 3130 615 3184 223.

302 3242 428 3302 Litteras
451 3250 561 3302 vestras
581 3247 742 3316 aoeepinrus
763 3263 798 3304 ex
819 3245 995 3316 iisqueiter,
1018 3242 1096 3316 quod
1110 3242 1286 3312 instituistis,
1305 3254 1356 3314 pru·

223 3347 336 3420 pediern
358 3363 408 3406 vos
428 3352 598 3421 aoeeptures
620 3363 699 3420 esee,
721 3347 797 3421 quod
819 3347 889 3406 nibil
912 3363 1075 3418 monemus,
1095 3345 1185 3419 idque
1207 3346 1316 3419 quando
1333 3343 1357 3402 li-

224 3451 294 3508 bera
316 3495 361 3508 ...
380 3467 431 3509 uos
448 3452 538 3509 lieet*
560 3453 761 3524 intelleximus,
784 3451 861 3524 quod
882 3454 905 3509 ai
927 3452 1006 3524 prius
1020 3451 1167 3508 nobiseum
1183 3449 1219 3507 de
1232 3449 1358 3522 aliquibus

220 3557 309 3615 rebus
330 3555 462 3615 conferre
484 3557 579 3630 operis
600 3557 723 3628 pretium
747 3573 809 3615 esse
831 3557 950 3630 putatis,
973 3555 1172 3628 Stutgardiam
1186 3555 1305 3627 potestis
1323 3569 1358 3610 ao·

223 3661 336 3720 calere.
377 3660 463 3720 bland
484 3661 560 3719 enlm
580 3660 768 3732 arbitramur,
797 3677 849 3720 nos
871 3661 1031 3732 Tubingum
1049 3662 1081 3718 in
1104 3635 1359 3722 brevi‘aoressnros

224 3780 296 3822 esse.
317 3765 472 3837 ,Librnmi
495 3782 580 3838 quem
592 3771 744 3836 tantopere
761 3772 790 3824 ut
813 3766 993 3836 imprimatur
1014 3765 1129 3836 optatis,
1151 3763 1233 3824 vobis
1253 3761 1359 3822 remitti·

791 3922 805 3956 >s

296 4053 307 4103 l
329 4052 356 4106 S.
375 4071 401 4108 n.
422 4054 464 4107 46.

294 4141 310 4192 2
329 4139 355 4193 S.
374 4157 400 4192 u.
419 4140 479 4194 209.
499 4141 558 4194 221.
664 4141 836 4196 undeutlioh.

293 4226 498 4282 3Sehwerlieh
522 4229 559 4281 ist
585 4227 675 4282 dieses
700 4228 774 4282 buoh
800 4228 938 4298 gedruokt
964 4226 1094 4288 worden,
1126 4225 1200 4279 deun
1219 4223 1306 4279 weder
1326 4219 1355 4273 im

224 4313 383 4382 Serapeum,
403 4313 473 4368 uoeh
493 4313 537 4368 bei
554 4313 617 4368 Sixt
635 4315 725 4369 findet
743 4313 803 4368 sich
821 4313 868 4368 ein
881 4312 1077 4368 italiiiuisohes
1096 4311 1169 4368 bueh
1182 4313 1297 4380 uergere
1313 4305 1356 4360 mii

224 4399 273 4452 der
289 4398 432 4469 jahrsuahl
452 4400 522 4454 ende
543 4401 609 4456 1564
629 4401 695 4456 oder
715 4403 790 4456 1565.
827 4401 878 4455 Die
903 4401 963 4454 drei
989 4399 1164 4470 professorem
1182 4399 1279 4457 hatten
1295 4409 1356 4449 uwar
