2884 5074
762 335 825 398 472
1300 327 1357 382 leot

218 503 327 564 aedibus
348 505 496 580 enjusdam
518 507 638 580 papistoe
660 504 775 576 mediol,
798 505 845 580 qui
869 509 913 562 est
935 510 1074 563 mortuns.
1107 505 1185 564 Solvi
1206 505 1357 578 pensionem

217 624 357 681 maguam,
380 609 586 682 quinquaginta
608 609 734 681 quinque
755 607 865 667 seilicet
886 606 1011 667 florenos
1032 608 1062 667 iu
1084 627 1177 679 anno,
1205 627 1267 685 quse
1287 625 1357 670 enee-

216 714 259 772 dit
280 718 412 787 quartam
432 718 544 784 parterm
571 711 732 784 pensionis,
763 727 848 784 quarn
868 711 974 769 Vestra
1002 711 1198 772 illustrissima
1220 713 1355 773 Celsitudo

218 817 355 889 dignatur
375 816 443 875 rnilri
470 817 629 876 concedere
657 831 709 889 pro
738 815 948 874 sustentatione
979 816 1085 891 (qualis
1114 817 1217 888 pensio
1243 834 1298 876 non
1323 826 1358 876 est

217 922 356 996 'fobinges
376 926 435 982 tam
457 922 597 996 grandis).
640 921 735 992 Quare
765 937 828 979 oum
848 922 939 994 magis
961 924 1104 981 senuerim
1127 928 1157 981 et
1177 939 1288 996 pauper
1306 924 1358 991 sim,

217 1027 310 1088 debeo
331 1043 376 1084 me
398 1043 415 1084 a
436 1031 516 1086 tauta
535 1026 673 1099 pensione
695 1025 856 1084 retrahere.
900 1026 971 1084 Onnr
1002 1043 1072 1100 ergo
1100 1028 1165 1086 duee
1195 1030 1252 1086 sint
1273 1028 1359 1087 domus

218 1130 364 1204 Tubimgoe‚
386 1131 480 1190 altera
501 1129 636 1204 alienius,
667 1130 714 1203 qui
736 1131 796 1203 agit
817 1147 939 1204 eoqourn
962 1133 990 1188 in
1014 1132 1119 1191 Vestra
1138 1132 1264 1202 familia,
1284 1149 1360 1207 prope

218 1241 339 1308 portam,
361 1249 426 1308 qnae
447 1233 610 1308 appellatur
625 1234 714 1292 detor·
728 1233 745 1302 ¹,
767 1251 819 1307 pro
842 1251 899 1307 qua
915 1235 1098 1294 solverentur
1109 1237 1220 1308 viginti,
1242 1243 1275 1295 ut
1293 1245 1360 1310 poto²

220 1341 314 1400 altera
335 1358 402 1399 vero
424 1357 513 1414 prope
539 1344 650 1412 portam
674 1339 842 1397 Lusnator²
870 1340 919 1396 nbi
949 1341 1179 1398 commorabatur
1206 1337 1362 1409 Rodolpbus

219 1445 328 1518 Riepns
339 1445 481 1512 cellarius,
500 1461 563 1517 qua
574 1443 609 1500 ad
620 1443 753 1499 Vestram
764 1441 975 1498 sublimitatem
989 1443 1125 1514 pertinet,
1140 1442 1243 1500 harum
1254 1441 1362 1501 duarum

220 1549 355 1622 dignetur
384 1549 504 1607 alteram
535 1547 603 1604 mihi
630 1545 827 1616 concedere‘,
861 1545 997 1620 quamdin
1025 1547 1142 1614 vixero,
1173 1564 1235 1606 snm
1264 1547 1363 1606 vicinus

220 1654 313 1724 morli,
336 1657 366 1710 et
385 1668 477 1724 spero.
503 1668 547 1709 rue
569 1667 686 1709 usurum
706 1649 788 1708 brevi
809 1656 940 1724 ternpore
963 1651 1143 1732 edegloriam
1163 1652 1229 1711 Dei.

300 1757 444 1816 Fortassis
465 1763 542 1815 esset
567 1755 736 1825 consultum,
758 1753 886 1836 seribere
907 1756 943 1814 de
966 1761 1027 1814 tota
1048 1755 1102 1814 hae
1122 1759 1246 1817 materia
1265 1758 1304 1817 ad
1323 1759 1364 1816 do·

222 1865 328 1922 minum
347 1859 514 1937 praeiectunr
532 1861 753 1933 Troiugensern,
776 1863 825 1934 qni
846 1861 1010 1934 provideret
1029 1861 1065 1919 de
1077 1862 1195 1921 aedibus.
1218 1863 1364 1938 Superiora

222 1985 297 2026 anuo
318 1967 402 2026 initio
423 1965 552 2026 Jaunarii
576 1967 642 2040 (nisi
663 1963 762 2039 fallor)
785 1966 904 2038 dignata
925 1971 969 2024 est
989 1966 1058 2024 mibi
1080 1968 1239 2026 concedere
1260 1975 1365 2028 eentum

223 2072 347 2131 florenos
368 2071 397 2128 in
419 2087 494 2128 anno
515 2087 567 2142 pro
588 2075 672 2144 parte
693 2070 853 2142 pensionis,
887 2087 950 2143 quea
977 2070 1046 2128 rnihi
1074 2071 1241 2138 solvebatur
1266 2089 1365 2146 arege

222 2177 377 2249 Gallorum,
399 2193 462 2235 oum
481 2177 541 2247 jam
563 2174 638 2234 adsit
659 2175 798 2233 terminus
818 2176 939 2234 alterius
960 2176 1039 2246 anni,
1062 2179 1200 2250 supplico,
1223 2185 1255 2238 nt
1275 2179 1365 2252 digne·

221 2288 269 2340 tur
288 2281 356 2339 milri
379 2280 451 2338 solvi
472 2278 568 2339 faeere
590 2279 654 2338 illos
681 2278 816 2338 florenos.
851 2273 953 2338 'Credo
982 2280 1105 2354 scriptos
1131 2280 1220 2341 inisse
1251 2284 1281 2341 im
1309 2300 1366 2341 ean·
1432 2279 1433 2288 ’

222 2387 346 2446 sellaria.
388 2386 462 2443 Nam
484 2384 576 2443 debeo
604 2384 661 2442 iter
688 2382 784 2445 faeere
807 2400 858 2458 pro
881 2383 992 2444 foedere
1014 2387 1181 2446 renovando
1202 2395 1232 2447 et
1252 2387 1366 2460 peoonia

223 2479 291 2548 milri
314 2491 405 2550 deest.
946 2483 949 2490 ’

447 2594 578 2652 Servitor
600 2595 805 2654 Illustrissirnae
828 2597 1015 2655 Celsitndinis
1037 2597 1150 2656 Vestrae

1128 2703 1297 2776 Vergerins.

294 2823 345 2876 Am
364 2823 452 2877 rande
472 2839 527 2876 vom
546 2821 593 2874 des
613 2821 730 2889 herzogs
749 2821 840 2875 hand:

295 2929 311 2964 a
330 2910 385 2965 Der
398 2909 521 2964 Litawer
533 2909 680 2977 preceptor
693 2906 856 2976 vergleiehe
871 2908 931 2962 sloh
945 2909 1093 2978 derwegen
1108 2909 1161 2980 mii
1174 2911 1228 2965 den
1247 2910 1366 2967 111111111-

223 3001 320 3063 rabien
340 2997 487 3053 einnenren
507 2996 562 3050 nnd
584 2996 633 3050 das
652 3013 680 3050 es
699 2994 791 3064 gewiss
811 3012 882 3062 ssya.
905 2995 964 3065 [sie]

294 3084 412 3140 than
440 3084 484 3140 mii
511 3085 645 3148 schaden‚
677 3084 727 3137 das
752 3101 781 3138 er
804 3082 863 3139 siah
887 3083 974 3138 dahim
1006 3083 1126 3153 begebe‚
1158 3103 1202 3138 wa
1231 3103 1258 3141 es
1287 3085 1366 3140 seinos

222 3171 293 3224 lelbs
312 3171 412 3226 halben
430 3171 489 3224 und
508 3170 658 3225 sieherheit
677 3170 724 3224 des
743 3187 836 3239 weges
855 3170 943 3224 thuan
962 3170 1048 3225 khan.

294 3259 363 3311 1111
382 3259 435 3314 soll
454 3277 491 3314 an
510 3259 565 3312 den
584 3260 654 3326 vogi
672 3257 838 3327 geselrriben
858 3257 985 3322 werden,
1012 3259 1066 3313 inne
1085 3261 1153 3313 urob
1172 3261 1220 3316 ain
1239 3259 1310 3324 butt,
1335 3261 1366 3313 da

223 3362 252 3398 er
271 3345 314 3398 nie
333 3363 362 3400 so
381 3345 422 3398 fill
442 3345 506 3399 zinss
526 3345 581 3400 auli
602 3345 689 3399 durffb
709 3343 808 3414 geben,
827 3345 971 3400 beholffen
991 3365 1024 3400 zu
1043 3345 1110 3401 sein.

294 3431 312 3484 d
331 3431 434 3485 Frantn
448 3430 597 3488 Kurlasoll
610 3432 665 3488 ime
684 3433 733 3488 loo
752 3433 857 3504 guidem
877 3433 948 3486 seins
969 3433 1081 3487 weitter
1099 3434 1276 3505 bewilligten
1295 3436 1363 3505 geldt

223 3520 324 3588 geben,
343 3517 464 3574 wiewoll
483 3521 533 3576 das
548 3521 594 3590 jar
612 3521 685 3576 noeh
704 3521 749 3575 nit
767 3520 890 3575 furnber.

294 3606 400 3662 Hinten
420 3609 493 3662 noeh
513 3626 567 3662 von
586 3609 633 3664 des
652 3609 768 3680 herzogs
788 3609 879 3663 hand:

295 3694 430 3749 Wilhelm
448 3695 501 3749 soll
522 3695 656 3764 Vergerio
674 3695 720 3750 die
739 3698 885 3751 anntwuri
914 3697 951 3752 ad
978 3699 1136 3766 marginem
1163 3699 1296 3770 anzeigen
1314 3697 1362 3750 und

224 3782 327 3836 l'rantz
346 3783 432 3836 Kurtz
451 3784 505 3838 den
524 3785 613 3838 lesten
633 3786 756 3853 poneten
777 3784 943 3839 verriehben.

793 3910 807 3941 >le

298 4010 309 4060 l
330 4010 487 4079 Haagbhor.

295 4099 311 4149 :l
331 4097 485 4152 Lustnaner
503 4097 581 4162 thor;
602 4098 708 4155 welehe
722 4099 865 4169 wohnung
878 4099 985 4170 Verger
1004 4099 1114 4164 bokom,
1135 4100 1174 4156 ist
1193 4100 1269 4156 nieht
1287 4097 1358 4153 naeh-

223 4201 368 4242 auwe1sen.
