2910 5080
89 373 149 428 1553
258 424 263 432 .
618 377 659 439 55

84 555 138 608 aisa
157 565 258 608 uerum.
290 546 455 621 Quiuaddit
475 563 506 608 se
526 563 580 622 pro
590 554 672 608 certo
692 550 776 620 scire,
797 547 1021 609 illustrissimum
1031 547 1058 606 d.
1071 546 1211 608 marchio·

87 668 142 710 uem
160 651 329 712 Altortum¹
349 653 423 712 mule
454 653 562 714 habere
588 657 707 728 propter
726 653 828 714 uulnus
854 655 889 713 in·
911 653 1028 714 brachio
1054 658 1212 727 acceptum,

85 759 149 831 quod
163 755 244 816 valde
260 757 412 830 intumuit3
433 757 485 816 sed
504 757 566 818 limo
580 757 684 816 melius
699 757 849 818 Oelsitudo
858 757 963 818 Vestra
979 763 1076 834 potest
1091 758 1212 818 novisse.

148 861 224 934 Papa
244 861 400 921 destinavit
420 861 544 935 legatos,
566 861 614 936 qui
636 867 703 921 cant
725 861 763 921 ad
784 860 956 938 episcopos·
977 861 1152 932 Germaniae,
1181 867 1210 922 et

80 951 130 1024 ¹illis
148 965 327 1038 gratulentur
347 982 399 1040 pro
421 965 541 1026 victoria
562 973 592 1026 et
613 966 736 1026 offerant
756 966 892 1041 deinceps
913 966 1028 1025 auxilia.

148 1068 300 1129 certares
320 1077 374 1141 est,
397 1071 516 1130 classem
537 1073 615 1146 regis
634 1071 782 1131 Gallorum
804 1087 897 1146 nuper
917 1073 1056 1130 invasisse
1077 1075 1107 1129 et
1127 1086 1211 1134 oocu-

82 1189 150 1258 pussc
169 1191 250 1234 unam
271 1175 421 1234 urbemiu
443 1175 550 1248 Sicilia,
573 1177 617 1234 cui
640 1176 723 1234 Alica
736 1169 755 1207 ⁸'
768 1191 887 1248 nomon,
909 1182 940 1236 et
961 1174 1062 1235 iecisse
1082 1174 1210 1250 prauam

80 1277 111 1336 ad
128 1285 233 1338 centum
255 1287 287 1340 et
307 1280 515 1354 quinquaginta
538 1280 628 1340 millia
655 1287 865 1340 coronatorum.
904 1281 935 1338 ln
968 1295 1058 1354 reguo
1083 1279 1211 1355 neapoli·

80 1388 136 1440 tuno
154 1383 247 1458 aliqui,
269 1387 320 1459 qui
342 1391 424 1444 erant
446 1387 554 1455 exules,
577 1391 607 1445 et
627 1387 706 1460 regis
718 1385 868 1446 Gallorum
888 1391 986 1460 partes
1006 1383 1209 1457 sequebantur,

81 1492 166 1548 coacto
193 1490 354 1549 exercitulo
382 1497 560 1564 occuparunt
585 1481 751 1563 Salernum3
789 1491 943 1550 cardinalis
966 1488 1131 1558 Pacecus⁴‚
1161 1487 1210 1564 qui

81 1604 170 1659 proras
189 1597 240 1664 ast,
263 1593 383 1654 miserat
402 1593 512 1670 aliquot
533 1595 676 1668 Hispanos
697 1594 819 1668 obviam,
839 1596 887 1670 qui
908 1593 1026 1654 lucrant
1045 1595 1122 1653 oaesi.

143 1695 204 1754 Dux
224 1697 420 1770 Venetorum,
447 1701 494 1773 qui
515 1717 607 1774 nuper·
626 1698 682 1760 luit
702 1706 832 1774 oreatus,
860 1706 904 1760 est
925 1699 953 1759 d.
974 1699 1101 1760 loannes
1121 1696 1209 1770 Aloy·

81 1797 128 1856 sins
145 1799 309 1874 Beruardo,
339 1802 384 1860 uir
409 1801 499 1862 bonus
527 1801 656 1876 quidem,
688 1802 738 1862 sed
766 1803 815 1876 qui
835 1818 978 1875 uunquam
1000 1799 1056 1860 luit
1075 1802 1104 1858 iu
1124 1799 1211 1859 rebus

79 1903 180 1974 agendis
200 1906 388 1966 exercitatus.

143 2008 208 2068 Mea
227 2011 321 2070 Vallis
342 2011 469 2082 Tollius,
498 2010 547 2068 ubi
568 2012 661 2070 habco
682 2011 870 2070 ministerium
892 2018 922 2070 et
942 2010 1138 2083 tuguriolum,
1168 2008 1209 2070 lu·

80 2110 151 2172 torat
173 2131 279 2189 magua
305 2115 506 2188 pestilentia⁸‚
538 2122 567 2176 et
600 2135 643 2175 me
670 2119 699 2175 iu
725 2117 936 2189 apertissimum
962 2113 1121 2186 perieulum
1145 2128 1211 2174 cou-

75 2215 165 2288 J'ioiam,
185 2222 208 2278 si
229 2237 308 2280 nuno
329 2222 483 2282 intravero.
504 2221 595 2296 Agam
617 2223 843 2296 quodDominus
863 2237 915 2280 suo
935 2221 1038 2293 spiritu
1058 2218 1211 2276 monuerit.

78 2319 186 2395 lagatus
206 2324 332 2398 Papue⁶‚
354 2327 452 2400 quiin
472 2343 568 2387 meum
588 2327 685 2386 odium
705 2325 808 2386 missus
828 2331 881 2396 est,
902 2329 1000 2398 urget,
1021 2328 1054 2384 ut
1073 2321 1210 2382 audiatur

77 2424 162 2486 abluis
182 2429 306 2488 dominis
328 2431 414 2489 trium
444 2429 601 2502 foedorum,
630 2431 679 2506 qui
700 2429 928 2504 responderunt,
957 2445 988 2489 se
1007 2433 1124 2502 paratos
1146 2443 1209 2486 asse

78 2533 174 2592 comitia
193 2533 344 2594 celebrare
371 2541 400 2594 et
429 2533 549 2606 audire,
580 2535 603 2592 si
624 2533 716 2608 Papa·
730 2511 874 2608 sumptum
899 2531 1122 2603 sumministret3
1152 2545 1209 2592 uon

78 2636 218 2698 animasse
240 2651 370 2710 moram,
401 2643 434 2697 ut
458 2636 583 2712 propriis
610 2636 769 2710 sumptibus
795 2636 988 2710 conueniant,
1018 2635 1074 2696 uisi
1093 2635 1209 2710 quaudo

77 2756 129 2800 suos
148 2745 332 2817 magistratus
353 2745 479 2802 creaturi
499 2749 583 2816 suut3
614 2747 784 2816 expectatur
809 2744 908 2816 itaque
929 2744 1051 2816 pecunia
1071 2758 1087 2800 e
1107 2741 1208 2802 Roma.

78 2845 146 2905 lunc
164 2850 256 2924 magis
276 2847 382 2908 fremet
402 2854 428 2907 et
451 2849 533 2923 Papa
552 2853 583 2908 at
603 2865 672 2908 suus
691 2850 819 2922 legatus,
846 2865 932 2922 quum
952 2847 1059 2907 viderit
1078 2863 1124 2904 me
1145 2851 1209 2908 tan-

77 2955 125 3008 tum
142 2952 280 3014 librorum
300 2953 433 3014 attulisse
454 2959 485 3012 et
505 2954 661 3028 sparsisse3
682 2953 775 3027 glorio
800 2935 877 3026 Deo,
896 2967 984 3028 sparo
1003 2967 1049 3012 me
1070 2952 1151 3012 breui
1171 2950 1208 3010 de

76 3053 122 3112 illis
139 3057 390 3132 triumphaturum.
418 3057 489 3117 Orus
502 3059 568 3118 hinc
581 3057 676 3130 ubibo,
698 3063 728 3117 et
748 3057 806 3118 cito
826 3059 856 3117 iu
876 3057 990 3117 ltaliam
1010 3057 1046 3116 ad
1063 3057 1207 3116 Ferraria

619 3169 649 3228 'a

135 3285 190 3339 lS.
209 3287 251 3339 br.
271 3303 298 3336 u.
318 3285 342 3337 2.
361 3285 387 3338 3.

135 3372 192 3426 28.
210 3374 253 3428 br.
273 3389 300 3425 n.
320 3372 345 3424 2.
365 3372 389 3424 3.

133 3459 307 3514 3Alilrante.

133 3545 245 3603 4Peter
265 3547 392 3602 Pachcco
412 3563 466 3601 von
479 3545 653 3610 Montalban,
673 3542 911 3606 cardinalbischol
927 3563 981 3600 von
1000 3545 1085 3609 laen,
1113 3545 1207 3613 opiter

77 3629 207 3705 uioslrouig
224 3651 281 3689 von
301 3633 419 3704 Neapel,
436 3637 451 3700 †
471 3633 487 3686 l
505 3631 629 3688 Februar
649 3633 725 3688 1560.

134 3720 255 3776 icilius
275 3721 357 3776 Curio
383 3721 524 3776 Secundus
551 3721 660 3777 schrieb
688 3721 769 3776 nicht
794 3721 954 3792 unriohtig:
984 3719 1131 3775 Neminem
1157 3736 1206 3772 un·

78 3822 148 3871 quam
166 3809 223 3864 vidi
239 3808 367 3864 miserius
386 3807 537 3864 formidare
561 3810 770 3878 pestilentiam,
790 3827 874 3880 quam
892 3807 1041 3879 Vergerius
1067 3807 1144 3862 iecit.
1172 3807 1207 3869 do

78 3890 148 3949 Porta
166 3896 198 3960 ll,
219 3898 277 3954 161.

136 3982 151 4035 6
167 3983 234 4040 Paul
257 3982 407 4038 Odesoaloo
426 4000 481 4038 uon
503 3985 593 4048 Coruo,
616 3985 819 4053 apostolieoher
838 3985 952 4040 nuntius
972 3984 1029 4038 und
1047 3981 1204 4054 inquisitor,

78 4065 171 4124 damula
187 4070 229 4126 ins
240 4071 347 4128 Veltliu
364 4071 491 4142 gesaudt,
509 4090 555 4126 um
576 4072 627 4126 das
645 4072 825 4141 euangelium
844 4073 907 4127 dort
925 4072 1103 4127 ausuurotten
1113 4092 1120 4135 ;
1139 4088 1159 4126 a
1171 4069 1205 4124 de

80 4150 149 4210 Porta
165 4157 197 4222 Il,
215 4159 275 4212 257.
312 4159 394 4213 Scina
421 4159 589 4215 instruction
614 4177 634 4213 s.
654 4161 696 4214 br.
715 4178 742 4214 n.
761 4163 811 4215 ὅτι..
847 4161 954 4232 Vergar
979 4159 1089 4214 schrieb
1114 4175 1205 4230 gagen

78 4235 131 4292 ihu:
165 4243 239 4300 Dellc
266 4245 452 4301 commissioni
471 4264 485 4302 e
506 4246 626 4311 inculta,
653 4247 703 4303 ulra
723 4247 753 4301 P.
772 4243 865 4302 (iiulio
883 4247 924 4301 IlI
942 4247 979 4302 ha
999 4245 1066 4302 dato
1084 4263 1101 4300 a
1118 4243 1156 4298 M.
1175 4244 1204 4296 Ρ.

80 4321 220 4387 Odascaloo.
257 4333 354 4404 Serap.
373 4351 394 4388 s.
412 4334 454 4388 82.
474 4353 501 4389 u.
521 4337 562 4390 57.
