2830 5078
581 686 627 742 73.

335 817 459 910 Verger
481 845 525 888 an
544 823 663 910 herzog
686 821 868 910 christoph.

368 960 516 1035 totingen
538 963 577 1022 24
597 961 730 1021 Februor
753 964 837 1022 1559.

105 1085 292 1157 Nouiglreiteu
311 1104 360 1144 sua
380 1087 511 1160 Englsud
529 1089 587 1144 und
606 1089 705 1154 Pelen,
725 1087 761 1144 ob
779 1087 825 1144 die
843 1087 1014 1146 lutherisohe
1033 1089 1101 1146 oder
1117 1088 1177 1146 hel·

52 1179 155 1238 retisohe
171 1182 250 1240 lehre
268 1182 353 1254 siege.
389 1171 466 1240 liber
484 1184 560 1242 seins
578 1183 767 1242 litterarlsehe
784 1185 951 1258 thlttiglreit.
1028 1253 1033 1264 ι

110 1295 303 1356 illustrissime
325 1297 462 1372 Princeps
483 1306 513 1359 et
535 1299 656 1360 Domine
677 1301 799 1360 Domine
821 1300 1066 1362 clementissime!

68 1419 72 1432 ¹
111 1400 191 1460 Mitto
213 1417 289 1462 nova
309 1404 440 1477 quaedam
461 1422 497 1464 ex
517 1407 612 1466 Italis.
652 1406 745 1480 Spero
772 1423 865 1466 meum
893 1413 1027 1480 nepotem
1047 1404 1177 1478 proxime

46 1505 187 1575 septimana
207 1507 371 1566 rediturum
392 1524 428 1566 ex
444 1507 581 1582 Anglia¹;
604 1515 670 1568 sunt
692 1510 767 1568 enirn
789 1515 913 1584 quatuor
932 1514 962 1568 et
982 1507 1084 1580 viginti
1105 1506 1176 1580 dies,

49 1607 135 1678 quibus
154 1608 302 1683 discessit3
323 1610 372 1669 ubi
386 1611 516 1682 redierit,
537 1611 635 1670 statim
649 1627 713 1670 eum
727 1626 761 1670 eo
776 1611 811 1670 ud
824 1611 1032 1700 Celsitudiuem
1044 1611 1177 1671 Vestram

50 1715 154 1771 veniam.
186 1713 284 1772 Audio
297 1713 356 1773 illic
371 1728 488 1788 magnas
502 1717 532 1771 et
546 1729 627 1772 acres
643 1729 705 1772 esse
726 1715 963 1788 concertationes,
984 1715 1048 1773 aliis
1068 1715 1178 1774 seilicet

49 1815 230 1889 suadentibus,
252 1823 284 1875 ut
303 1819 447 1890 papismus
467 1817 561 1878 udlaue
577 1820 748 1891 retineatur,
769 1820 842 1888 aliis,
864 1827 896 1880 ut
916 1836 951 1879 eo
965 1821 1096 1894 projecto
1109 1835 1177 1879 oeu-

45 1917 117 1978 fessio
136 1922 316 1994 Augustana,
337 1923 414 1995 aliis,
437 1929 469 1981 ut
488 1924 640 1986 Helvetios
661 1925 848 1998 suscipiatur3
870 1941 967 1999 spero,
989 1924 1066 1999 qnod
1087 1939 1177 1998 nepos

45 2041 110 2084 nens
137 2029 164 2085 in
196 2033 329 2102 tempore
360 2046 422 2087 cum
454 2031 525 2088 meis
554 2029 660 2089 litteris
690 2030 891 2101 supervenerit
925 2027 1175 2102 retardaveritqu'e

45 2129 189 2204 plurimum,
213 2149 251 2191 ue
271 2131 335 2192 aliis
356 2133 455 2206 regina
476 2134 632 2194 adhaereat.
663 2133 781 2193 Utinam
796 2134 911 2193 ivissem
932 2136 1062 2209 egomet!
1084 2133 1174 2192 multo

45 2241 108 2294 certe
128 2238 218 2310 magis
240 2237 270 2295 in
297 2254 329 2296 re
358 2239 431 2296 tanti
457 2240 593 2296 momenti
621 2236 824 2311 profecissem,
856 2236 908 2296 sed
933 2243 1037 2311 postea
1061 2237 1109 2296 ibo
1139 2235 1176 2311 (si

45 2341 166 2402 Dominus
186 2343 324 2413 voluerit)
353 2361 447 2420 neque
468 2345 542 2403 ullos
562 2344 677 2404 labores
698 2361 800 2403 recuso
821 2343 919 2403 subire
940 2358 993 2414 pro
1012 2339 1104 2415 gloria
1124 2339 1175 2398 do·

45 2447 163 2507 niniDei
184 2450 252 2508 mei.
286 2449 366 2508 Idem
386 2463 504 2522 prorsus
525 2453 569 2506 est
588 2449 671 2521 regni
683 2449 810 2508 Potoniae
822 2447 841 2521 ',
864 2465 919 2522 quo
940 2446 978 2504 ad
998 2445 1175 2520 religionem,

45 2549 81 2618 qni
99 2555 140 2607 est
160 2550 286 2623 Angliae,
308 2555 414 2609 status:
436 2553 465 2608 iu
486 2549 607 2609 Potonia
628 2553 703 2609 enim
725 2552 826 2610 eodem
846 2551 940 2624 modo,
962 2551 1063 2610 eadem
1084 2549 1120 2607 de
1141 2563 1173 2606 re

43 2653 227 2722 contenditur,
257 2659 287 2711 et
313 2671 413 2728 parurn
439 2661 558 2729 propter
579 2634 771 2715 dissensiones
790 2655 948 2730 proficitur.
989 2653 1086 2727 Audjo
1106 2669 1175 2712 ven·

45 2756 120 2814 turam
146 2759 184 2816 ud
206 2757 351 2832 Gaesarem
373 2759 537 2818 Polonicam
565 2759 738 2832 legationem
767 2767 797 2819 et
822 2759 898 2820 torte
926 2765 1075 2818 uenturum
1097 2757 1175 2830 pala·

43 2855 117 2916 tinum
138 2861 307 2920 Vilneusem
320 2861 339 2920 ⁸.

106 2963 135 3022 Si
149 2965 298 3039 descripta
312 2973 378 3026 sunt
395 2967 451 3026 duo
462 2967 513 3025 ille
528 2968 643 3042 scripta,
658 2966 883 3028 alterumlatine
899 2967 935 3028 de
948 2968 1007 3027 vita
1019 2967 1101 3026 Pauli
1112 2965 1175 3025 111⁴
1236 3039 1240 3049 Ι

42 3073 221 3136 germanicum
243 3071 375 3145 alterum,
397 3089 460 3146 quae
483 3071 631 3132 Celsitudo
649 3073 753 3132 Vestra
774 3075 964 3132 constituerat
983 3073 1020 3132 ad
1040 3073 1175 3131 illustris·
1196 3054 1202 3068 ’

43 3169 127 3230 simum
149 3175 177 3233 d.
198 3175 384 3248 Bipoutinum
405 3176 532 3246 mittere,
555 3175 691 3248 dignetur
710 3175 861 3247 mandare,
884 3182 916 3234 ut
935 3175 1004 3233 mihi
1025 3175 1174 3232 remittan-

42 3279 88 3347 tur,
107 3295 171 3335 nam
193 3295 266 3352 opus
286 3279 386 3338 habeo.
418 3277 526 3336 Vereor
540 3280 656 3336 nuncin
673 3286 851 3353 argumento,
873 3279 949 3354 quod
962 3295 1047 3354 spero
1061 3279 1174 3338 Vestrae

44 3375 199 3442 Gelaitndini
219 3385 407 3457 placiturum
429 3385 653 3456 communicabo,
674 3401 738 3442 curn
756 3399 871 3442 venero.
902 3383 1018 3455 Dialogi
1030 3384 1097 3456 mei,
1117 3389 1175 3442 sta-

42 3481 83 3540 tim
101 3493 166 3558 post
185 3489 290 3547 librum
309 3488 502 3560 germanicum
518 3489 631 3548 Vestrae
652 3487 838 3548 celsitudinis
858 3489 972 3546 nomine
993 3487 1174 3562 typographo

43 3583 150 3648 datum⁸
170 3592 366 3664 procudentur
386 3593 518 3666 tandem3
539 3610 592 3666 per
612 3609 657 3650 me
678 3609 736 3652 non
756 3595 845 3665 stetit,
867 3595 1017 3668 quominus
1038 3593 1175 3652 exiissent

593 3723 608 3758 *

103 3826 116 3878 1
135 3826 161 3880 S.
179 3827 233 3882 den
251 3823 443 3882 lebeusabriss.

100 3911 163 3966 98.
181 3913 221 3966 br.
241 3931 269 3966 u.
290 3915 331 3970 63.

100 3996 162 4050 38.
178 3999 216 4054 br.
236 4018 263 4054 n.
281 4001 324 4055 46.

101 4084 162 4139 ts.
178 4087 219 4142 br.
238 4106 265 4142 ιι.
285 4089 327 4143 tu.

103 4172 118 4225 5
137 4171 190 4228 Dus
207 4173 373 4232 lateinische
390 4175 480 4230 buch:
516 4174 629 4246 Dielogi
645 4177 767 4245 quatuor
785 4175 821 4230 de
838 4174 918 4240 libro,
939 4191 1021 4244 quem
1039 4175 1080 4230 st.
1093 4173 1173 4230 Osius

44 4257 130 4312 muira
148 4259 291 4316 Breutium
316 4263 345 4317 et
363 4261 530 4332 Vergerium
549 4261 646 4318 edidit
683 4262 778 4333 serap.
797 4280 817 4316 s.
836 4263 879 4318 90.
898 4280 925 4318 n.
944 4263 985 4318 93.
1021 4261 1077 4316 Das
1095 4260 1173 4315 deut

44 4339 99 4396 eche
114 4343 185 4400 buch
195 4347 351 4404 vielleicht:
371 4347 518 4402 Athanasii
531 4347 673 4403 sendbrief
683 4365 737 4404 von
756 4349 820 4404 dem
837 4347 950 4403 tralrtat
966 4364 1020 4402 von
1038 4345 1173 4420 reichuug

46 4425 88 4481 der
105 4437 298 4493 sacramenton-
335 4435 483 4511 Tithiugen
504 4437 580 4494 1559.
616 4437 711 4512 Serap.
730 4454 750 4490 s.
769 4438 810 4497 90.
829 4455 856 4495 u.
876 4435 918 4492 91.
