2884 5074
765 311 828 380 454

770 595 835 650 237.

682 724 758 789 Von
781 722 914 809 Verger.
976 734 978 740 ’

647 861 716 920 Sine
739 861 807 920 dato
829 865 859 918 ot
879 861 952 918 loco.

654 983 728 1038 ratu
747 982 855 1052 anfang
875 981 951 1038 1555.

298 1097 374 1163 Uber
393 1109 438 1162 die
457 1109 585 1176 scindung
604 1108 733 1162 Morones
753 1124 814 1159 zum
835 1106 1018 1175 Augsburger
1037 1106 1188 1180 reichstag.

307 1235 423 1291 Srrrnrna
444 1234 504 1292 lraec
525 1239 578 1292 ost.
621 1239 713 1304 Quum
733 1233 900 1304 Ratisponaa
921 1230 1142 1290 celebrarentur
1162 1231 1280 1288 comitia
1292 1229 1313 1298 ¹,
1332 1235 1369 1286 at·

227 1356 282 1412 quc
303 1338 341 1396 ad
362 1355 397 1396 aa
418 1339 520 1398 missus
541 1337 643 1398 inisset
663 1337 817 1396 cardinalis
833 1335 1047 1403 Conterenus²‚
1069 1337 1135 1394 lruic
1154 1337 1242 1392 missa
1263 1333 1371 1394 luerunt

228 1444 437 1516 quinquaginta
457 1444 547 1502 millia
566 1450 769 1504 coronatorum
790 1461 853 1503 curn
875 1443 919 1502 his
940 1443 1092 1515 mandalis,
1113 1441 1250 1502 videlicet
1270 1447 1302 1500 ut
1320 1441 1372 1514 pri-

228 1564 304 1604 mum
326 1553 468 1618 tentaret,
497 1549 520 1604 si
542 1550 607 1606 talis
629 1549 783 1608 concordia
804 1549 870 1608 iniri
890 1555 1003 1622 posset,
1035 1564 1119 1622 qnam
1139 1543 1263 1621 papatus
1283 1553 1374 1618 posset

132 1637 151 1656 ‘
227 1649 404 1709 1511551111
427 1651 566 1710 hoccasu
589 1651 1014 1726 largireturexeapacunia,
1046 1650 1216 1723 cuicumque
1236 1649 1282 1708 illi
1302 1649 1372 1707 ride·

228 1760 318 1814 retur.
350 1756 380 1812 Si
402 1772 470 1814 vero
485 1756 606 1828 rideret
628 1757 735 1816 nullam
750 1757 899 1816 honestam
914 1755 1095 1814 concordiam
1111 1754 1174 1814 fieri
1186 1771 1283 1828 posse,
1305 1753 1373 1827 quod

228 1865 297 1920 tunc
318 1866 434 1918 curaret
455 1861 491 1918 de
512 1861 641 1932 ligassa
664 1859 774 1920 loedere
796 1858 944 1920 delensivo
970 1858 1102 1919 iaciendo
1123 1860 1201 1918 inter
1221 1859 1330 1932 Papam
1351 1863 1373 1914 at

231 1963 385 2021 catholicos
406 1965 551 2038 principes
572 1963 736 2022 Germaniae
758 1969 787 2022 et
807 1964 836 2020 in
858 1962 912 2022 hoc
932 1963 1059 2022 secundo
1081 1979 1163 2035 casu,
1193 1963 1273 2036 quod
1295 1962 1372 2036 depo

229 2074 313 2126 neret
344 2065 394 2123 illa
419 2067 627 2140 quinquaginta
661 2067 751 2126 millia
778 2073 981 2125 coronatorum
1010 2073 1156 2141 tamquam
1184 2083 1239 2140 pro
1265 2083 1331 2124 arra
1349 2071 1373 2122 et

227 2187 289 2228 curn
311 2171 499 2244 promissione
520 2171 556 2230 de
577 2171 720 2238 addendo,
743 2177 882 2246 querutum
902 2188 974 2244 opus
995 2170 1097 2230 fuisset
1111 2188 1231 2244 prosua
1246 2171 1372 2245 portione

226 2276 428 2348 adjuvandam
441 2277 537 2350 ligam.
572 2277 624 2334 llis
637 2277 848 2350 robuspossum
869 2277 938 2336 dare
961 2277 1153 2336 certissimum
1172 2277 1371 2345 testimonium,

227 2380 294 2453 quia
315 2378 356 2438 ini
376 2396 503 2453 praesens
524 2388 554 2438 et
576 2381 642 2441 vidi.
673 2381 757 2440 Nunc
771 2398 841 2458 ergo
862 2383 969 2440 amicus
990 2381 1040 2443 ille
1061 2382 1131 2440 milri
1152 2380 1298 2456 significat
1317 2381 1371 2440 huo

228 2483 331 2540 verba:
354 2485 393 2542 »11
414 2484 542 2544 cardinal
563 2485 691 2544 Μο15111
711 2485 775 2543 vien
798 2486 855 2544 alla
876 2485 956 2544 dieta
984 2502 1037 2544 con
1065 2486 1093 2544 le
1121 2486 1280 2546 medesime
1305 2502 1371 2545 com·

200 2663 201 2666 Ἴ
230 2589 366 2660 missioni,
388 2595 419 2646 ot
439 2605 491 2646 coa
513 2590 542 2646 la
563 2587 719 2646 medesima
739 2587 871 2662 quantita
891 2588 927 2646 de
949 2588 1059 2660 danari,
1080 2588 1134 2646 che
1156 2588 1251 2647 hebbe
1268 2589 1289 2649 il
1304 2589 1371 2648 card.

229 2693 392 2750 Contereno
418 2695 495 2750 nella
524 2693 602 2752 diota
629 2694 658 2751 di
679 2694 865 2765 Ratispona,‹
897 2693 952 2752 hoo
971 2699 1029 2762 est,
1057 2693 1214 2751 cardinalis
1241 2695 1372 2752 Moronus

228 2794 307 2854 venit
327 2795 363 2854 ad
394 2795 508 2858 comitia
537 2812 601 2854 oum
628 2795 730 2854 iisdem
758 2795 900 2857 mandatis
927 2802 1015 2868 atque
1045 2814 1109 2856 oum
1141 2797 1243 2858 eadem
1272 2813 1371 2856 summa

227 2901 377 2974 pecuniae,
408 2917 493 2974 quam
519 2899 620 2958 habuit
645 2899 799 2958 cardinalis
830 2899 1010 2958 Conterenus
1040 2901 1070 2958 in
1096 2901 1219 2962 comitiis
1248 2903 1370 2975 Ratispo·
1430 2959 1431 3019 i

229 3004 374 3064 neasilrus.

301 3134 394 3188 Unten
415 3134 463 3188 der
482 3150 564 3188 nante
584 3132 733 3202 Vergellus
751 3131 972 3188 durchstrichen.
1010 3132 1088 3188 Doch
1106 3131 1144 3188 ist
1163 3135 1214 3188 das
1233 3135 1308 3192 ulau
1324 3149 1370 3189 von

230 3231 326 3285 descen
346 3230 432 3284 hand.

794 3365 809 3396 ss

303 3475 314 3526 l
335 3473 404 3526 Jahr
424 3474 499 3538 1541,
519 3493 561 3530 wo
575 3476 662 3531 durch
674 3476 720 3530 ein
733 3475 1004 3547 religionsgesprach
1019 3474 1368 3535 awischeuMelanohthou,

228 3559 337 3623 Butzer,
358 3558 498 3625 Pistoriae,
519 3562 672 3625 (loutarini,
692 3561 757 3625 Eck,
773 3561 859 3630 Pilug‚
878 3561 1006 3632 Gropper
1028 3561 1091 3616 eine
1111 3562 1296 3632 vereinigung
1314 3559 1368 3613 zwi-

227 3646 313 3699 schen
332 3647 387 3699 den
406 3647 508 3701 beiden
527 3649 718 3704 consessionen
738 3649 835 3704 erzialt
855 3649 965 3704 werden
985 3650 1075 3704 sollte.

298 3727 620 3803 2Kaspar'Oontariui,
645 3737 708 3807 gob,
730 3737 797 3792 1483
821 3736 851 3790 in
870 3735 1010 3806 Venedig‚
1036 3735 1091 3790 seit
1118 3738 1184 3792 1521
1213 3755 1265 3792 von
1288 3736 1367 3790 dicia

226 3819 357 3888 republik
376 3839 409 3875 zu
435 3823 673 3891 diplomatischen
699 3826 863 3895 sendungen
889 3825 1061 3893 mamucha
1089 3827 1156 3879 1534
1177 3843 1233 3882 von
1249 3823 1316 3878 Paul
1332 3822 1367 3876 Ill

227 3924 289 3958 zum
314 3907 442 3962 cardinal
468 3910 606 3976 erhoben‚
636 3912 722 3965 nahm
749 3911 820 3967 thail
846 3929 881 3964 aa
907 3912 962 3964 den
985 3911 1295 3982 religionsgespriichon
1319 3927 1365 3963 ron

227 3992 337 4047 Worms
352 3996 409 4048 und
421 3996 615 4067 Regensbnrg,
634 4001 649 4065 †
665 3999 740 4052 1542.
768 3998 819 4052 Eia
838 3999 915 4053 edler
933 4016 1028 4076 mann,
1047 3999 1112 4054 dem
1130 3998 1365 4069 protestantismus

227 4079 355 4136 anamma
374 4083 500 4154 genaagn.
1083 4077 1086 4082 ’

296 4169 359 4225 38.
378 4187 405 4223 n.
424 4171 466 4224 20.
