2830 5072
1296 338 1344 393 itti

225 512 302 587 quod
323 511 438 585 seriptis
459 513 567 572 litteris
587 511 763 573 adducerem
790 528 825 572 eu
845 513 874 570 in
896 517 1062 576 memoriam
1082 521 1149 590 post
1169 529 1276 590 pausos
1292 514 1348 586 dien

223 618 301 695 quod
322 635 397 678 nuno
419 616 606 678 Celsitudiuis
627 617 740 676 Vestrae
761 619 914 678 clementia
934 617 1027 680 fretus
1045 619 1156 680 faniam.

303 724 438 782 Alterum
458 722 606 796 negotium
627 730 700 796 erat,
722 723 799 796 quod
819 725 848 782 in
869 740 935 786 mea
947 725 1063 786 Rhaetia
1083 726 1191 802 (meam
1211 726 1287 785 euim
1301 726 1349 797 jure

222 827 357 900 appello,
388 827 464 901 quod
486 843 549 884 oum
570 829 608 888 sit
628 827 688 886 illio
708 845 776 886 usus
796 828 903 902 liuguae
924 831 1033 892 Italioae
1054 838 1085 890 et
1104 847 1171 905 para
1191 831 1285 890 ltalia
1301 847 1349 890 eeu·

224 939 324 991 seatur
343 947 464 1006 eumque
486 931 667 1006 euangelium
698 932 869 1010 arripuerit)
895 935 1023 996 existant
1042 935 1112 994 XVI
1131 934 1194 995 iere
1215 934 1296 994 uerbi
1310 933 1351 992 liei

223 1037 346 1096 ministri
360 1037 378 1110 ¹,
399 1035 515 1111 profugi
536 1055 572 1096 ex
588 1038 682 1100 Italia.
703 1038 772 1098 boui
786 1038 952 1110 Christiani,
974 1041 1054 1100 etin
1075 1056 1186 1100 summa
1206 1041 1300 1114 iuopia
1316 1039 1351 1098 de-

223 1148 344 1216 gentes3
378 1157 428 1201 eos
457 1157 512 1216 ego
540 1156 557 1202 a
583 1141 647 1200 Deo
675 1141 801 1200 monitus
826 1141 939 1201 Vestrae
966 1143 1128 1204 elementiae
1156 1150 1244 1218 atqua
1273 1143 1353 1217 pietati

223 1263 276 1321 per
303 1246 415 1306 viscera
441 1245 550 1305 domini
577 1246 669 1304 nostri
690 1221 761 1304 Jesu
782 1245 889 1304 Christi
917 1247 1170 1317 commendabam,
1201 1255 1234 1308 ut
1267 1249 1353 1310 soilioet

224 1351 413 1412 distribueret
432 1351 510 1412 iuter
530 1366 597 1421 eos,
620 1353 668 1422 qui
689 1357 756 1409 sunt
776 1351 976 1424 pauperiores,
997 1352 1109 1426 aliquot
1127 1353 1266 1425 florenos,
1286 1360 1312 1412 et
1327 1355 1353 1412 si-

224 1455 281 1514 mul
301 1461 362 1516 tres
381 1461 432 1514 aut
453 1461 577 1528 quatuor
597 1455 711 1514 illorum
731 1455 806 1515 filios
834 1457 997 1530 colligeret,
1019 1460 1069 1532 qui
1088 1460 1135 1518 uel
1155 1460 1185 1517 in
1206 1459 1354 1533 paedagogio
1404 1509 1405 1512 ,

225 1560 432 1634 Stutgardiauo
453 1561 499 1618 vei
519 1561 548 1618 iu
569 1561 752 1620 monasteriis
772 1562 818 1622 vel
839 1563 869 1621 iu
889 1564 1034 1637 stipendio
1060 1564 1283 1624 collocarentur.
1317 1562 1355 1621 ti-

225 1665 317 1738 firmo,
339 1664 567 1724 clementissime
584 1665 734 1740 Princeps,
756 1667 833 1740 quod
849 1667 929 1726 nulla
948 1668 978 1726 iu
998 1670 1085 1729 terris
1105 1675 1205 1743 posset
1225 1685 1289 1728 ease
1306 1684 1355 1740 grn-

227 1771 285 1830 tior
306 1772 369 1830 Deo
390 1769 583 1844 eleemosyna.
626 1773 722 1844 Quare
743 1773 863 1846 supplex
884 1780 914 1832 et
934 1781 1104 1834 reverenter
1129 1774 1296 1840 intercedo,
1318 1788 1357 1846 per

227 1875 349 1934 eundem
370 1876 487 1944 Patrem
516 1876 664 1934 ooelestem
691 1881 778 1948 atque
805 1890 857 1949 per
877 1875 985 1934 Filium
1013 1883 1044 1934 et
1068 1873 1209 1948 Spiritum
1236 1880 1357 1944 sanetum,

229 1985 262 2038 ut
282 1979 418 2053 dignetur
439 1996 502 2038 eum
523 1979 650 2052 elargiri,
673 1984 701 2036 et
722 1978 887 2038 refocillare
909 1996 959 2038 eos
979 1979 1054 2039 filios
1070 1979 1125 2038 Dei
1140 1985 1170 2039 et
1183 1981 1257 2039 Jesu
1270 1977 1357 2038 Obristi

227 2083 342 2145 fratres.
384 2085 449 2144 Seio
470 2083 603 2158 quidem,
634 2100 679 2142 ma
700 2085 785 2143 aliern
806 2101 859 2157 per
879 2085 935 2143 Dei
961 2087 1085 2158 gratiam
1113 2085 1149 2144 ab
1177 2082 1359 2142 illustrissima

229 2189 408 2249 Celsitudiue
427 2190 533 2247 Vestra
553 2190 722 2260 impetrasse
743 2187 955 2260 eleemosynam
982 2188 1011 2246 in
1042 2187 1143 2246 exules
1163 2185 1295 2259 lingbu,
1322 2184 1358 2256 qui
1407 2229 1408 2248 r

226 2293 395 2368 Argentinae
415 2299 483 2352 aute
505 2291 617 2365 aliquot
637 2307 726 2348 annos
753 2289 1020 2362 commorabantur,
1050 2291 1103 2350 sed
1129 2291 1194 2349 haeo
1220 2293 1298 2350 iuter
1320 2288 1359 2346 mi·
1407 2287 1408 2340 ἶ

226 2397 333 2457 nistros
345 2397 462 2458 Rbaetos
482 2397 672 2471 pauperiores
692 2395 738 2472 (ut
759 2395 831 2473 dixi)
853 2396 1010 2454 diuidenda
1030 2397 1099 2456 mihi
1118 2397 1272 2456 videretur
1291 2396 1359 2465 louge

227 2503 329 2562 melior
349 2508 379 2562 et
399 2503 462 2562 Deo
483 2501 601 2576 gratior.
642 2500 707 2560 Jam
732 2508 801 2574 agat
820 2500 1018 2560 illustrissima
1039 2501 1188 2561 celsitudo
1211 2501 1320 2573 Vestra,
1338 2507 1362 2557 ut

227 2607 366 2679 voluerit,
388 2620 463 2681 ego,
490 2583 664 2682 quod⁰mibi
686 2607 811 2680 Spiritus
832 2613 948 2665 sanetus
974 2606 1134 2680 suggessit,
1161 2605 1288 2666 libenter
1306 2604 1362 2674 ieai;

225 2713 312 2787 plura
332 2729 389 2771 uon
408 2728 533 2786 possum.

306 2816 440 2876 Alterum
461 2831 530 2876 uero
550 2816 700 2889 negotium
730 2821 794 2874 erat
825 2813 861 2872 de
889 2813 948 2872 filio
969 2816 1103 2889 generosi
1125 2814 1154 2874 d.
1175 2817 1287 2875 comitis
1305 2815 1364 2875 iulii

228 2921 377 2981 aThiene
398 2918 503 2993 ltali²‚
532 2911 584 2994 'qui
604 2919 744 2997 Tubingee
765 2919 940 2992 aliquamdiu
967 2934 1078 2977 mecum
1105 2928 1296 2979 commoratus
1321 2927 1363 2989 est,

231 3034 260 3087 et
282 3044 367 3102 quem
389 3026 494 3085 Vestra
512 3025 706 3084 illustrissima
727 3023 875 3084 Celsitudo
897 3042 952 3083 non
975 3031 1137 3084 recusasset
1157 3024 1187 3082 in
1209 3025 1365 3084 servitorem

229 3131 361 3204 accipere
383 3132 448 3208 (pro
469 3146 521 3189 sua
541 3129 706 3206 elementia)
725 3129 779 3188 uisi
796 3130 853 3188 alio
872 3129 916 3188 illi
930 3128 1032 3188 inisset
1050 3129 1184 3188 eundum.
1218 3131 1268 3189 Hie
1288 3131 1365 3203 igitur

229 3251 347 3309 perine
367 3251 506 3294 summum
528 3237 591 3308 ejus
612 3235 734 3293 amioum
753 3235 889 3309 petierat,
910 3241 943 3293 nt
963 3235 1066 3293 liceret
1085 3234 1128 3292 ilii
1155 3233 1245 3293 filium
1256 3234 1310 3292 XV
1324 3237 1366 3290 aut

229 3341 298 3399 XVI
318 3357 457 3400 annorum
478 3341 620 3401 oollooare
641 3343 670 3399 in
690 3341 797 3400 Vestra
817 3341 893 3400 aula.
928 3341 1015 3398 Novit
1035 3342 1201 3426 germaniae
1223 3347 1365 3412 utrumque

229 3453 259 3505 at
280 3446 372 3505 discet
391 3446 529 3519 quotidie.
570 3445 792 3506 Praestabuntur
812 3462 881 3505 varo
902 3461 920 3502 a
940 3461 1082 3518 generoso
1114 3445 1231 3504 domiuo
1255 3451 1367 3517 parente

189 3577 193 3584 ·
230 3553 340 3624 omnia,
362 3569 425 3626 quae
445 3551 645 3610 adolescentes
666 3551 778 3610 nobiles
798 3552 828 3609 in
849 3551 922 3608 aulis
948 3551 1042 3609 solent
1066 3549 1184 3609 babere.
1226 3551 1285 3608 Hoc
1313 3556 1367 3608 erat

230 3658 346 3730 inquam
367 3657 490 3715 alterum
512 3673 547 3714 ex
568 3657 700 3730 negotiis.
741 3657 804 3715 Non
834 3673 948 3730 possum
976 3656 1088 3728 dicere,
1114 3655 1194 3715 istud
1220 3671 1279 3715 esse
1308 3655 1367 3712 rnibi

231 3777 322 3834 usuque
343 3761 417 3820 adeo
438 3759 533 3828 oordi,
565 3765 597 3817 ut
622 3761 701 3831 prius
729 3759 837 3818 existit.
879 3759 952 3816 Nam
980 3776 1068 3817 unum
1093 3761 1243 3820 caritatem
1267 3758 1367 3818 Christi

231 3872 359 3939 spectat,
387 3872 419 3924 ut
445 3865 555 3924 scilicet
580 3864 769 3922 subveniatur
796 3864 972 3938 pauperibus
1000 3865 1135 3924 membris
1162 3867 1231 3925 Jesu
1250 3864 1367 3932 (ibristi;

231 3970 310 4028 aliud
332 3984 400 4029 uero
420 3973 533 4044 spectat
553 3969 644 4042 magis
664 3969 701 4026 ad
723 3967 835 4026 civilem
851 3968 992 4042 quandam
1006 3969 1091 4042 hujus
1103 3969 1368 4039 mnudiamioitiam‚

797 4110 812 4143 *

303 4225 315 4276 1
337 4223 364 4278 S.
389 4241 416 4276 n.
437 4223 503 4288 i38;
534 4222 603 4277 tiber
630 4223 676 4279 die
701 4223 754 4278 den
780 4221 964 4292 Engldndern
992 4221 1136 4291 gereiehte
1159 4218 1368 4284 unieratiitaung

231 4329 252 4366 Β.
270 4311 364 4456 ¹¹31}-
384 4417 412 4454 n.
430 4399 472 4454 36.
