2852 5076
1287 385 1342 442 1555

216 565 249 620 11
272 561 405 621 triremes
426 578 478 621 scu
499 563 612 634 galeros
633 579 670 621 ex
683 561 788 622 Guieta
809 561 981 629 discessisse,
1003 577 1124 637 quarum
1146 565 1165 619 7
1185 563 1222 620 ad
1241 576 1344 634 regnum

94 655 105 668 '
213 663 434 736 Neapolitanum
455 665 603 736 pertinent
618 671 647 724 et
660 669 785 738 quatuor
798 663 836 723 ad
852 664 953 724 ducem
964 664 1174 739 Florentinum,
1196 683 1259 741 qnae
1278 669 1345 724 recte

213 765 442 841 proficiscuntur,
463 773 495 826 ut
514 785 579 826 cum
601 768 638 826 25
659 766 827 826 triremibus
848 766 1052 828 Genuensibns
1068 769 1195 840 iungant
1232 811 1238 825 .

292 871 365 930 lteru
392 887 500 930 suntme
530 869 626 928 studio
655 871 774 930 curatur
802 869 949 943 expeditio
976 871 1067 946 legati
1086 872 1222 944 1155551,
1253 872 1345 945 quiin

212 974 395 1035 Germaniam
416 975 453 1033 ad
473 975 590 1036 comitia
611 980 655 1034 est
676 974 849 1034 destinatus.
881 975 918 1034 Et
933 991 985 1048 per
999 976 1155 1048 dispositos
1174 992 1264 1052 equos
1278 993 1345 1034 mon·

213 1077 311 1151 signer
332 1077 458 1138 Antonio
480 1076 642 1150 Augustino
663 1077 779 1135 auditor
798 1085 871 1138 rota
892 1080 921 1156 in
943 1079 1075 1154 Anglism
1096 1081 1238 1141 mittetur.

765 1343 812 1398 27.

522 1461 645 1548 Verger
669 1483 711 1526 an
734 1461 851 1548 herzog
874 1461 1056 1549 Christoph.

589 1573 735 1647 stuttgart
758 1579 771 1630 1
796 1575 877 1646 April
901 1577 984 1633 1555.

285 1664 361 1733 Uber
380 1677 507 1734 Sleidaus
532 1675 700 1750 geschichte,
736 1677 789 1733 Ein
815 1677 1009 1734 italiauischsr
1033 1677 1161 1734 cardinal
1189 1679 1274 1736 welle
1299 1679 1348 1734 sich
1418 1689 1419 1756 t

217 1789 254 1827 an
273 1773 323 1827 der
340 1773 608 1846 hibeliibersetanng
625 1773 668 1829 ins
692 1774 831 1831 slavischs
849 1774 1031 1846 bathailigen.
1066 1774 1175 1846 Vergsr
1192 1776 1312 1832 uuwohl.

307 1870 504 1930 illustrissime
536 1879 565 1931 et
585 1871 836 1932 Excellentissime
863 1873 1000 1944 Princeps
1027 1889 1061 1931 ac
1089 1873 1213 1931 Domine
1240 1873 1349 1931 Domine
1417 1917 1418 1922 1

217 1974 444 2035 Gratiusissime!

293 2083 328 2140 D.
345 2081 572 2154 Argentinenses
588 2085 654 2154 post
669 2083 782 2156 longam
798 2082 1037 2142 deliberationem
1051 2082 1170 2142 tandem
1185 2085 1351 2152 statuerunt,

213 2191 245 2244 ut
266 2185 386 2244 historia
407 2186 434 2244 d.
456 2186 609 2245 Sleidani¹
629 2188 721 2261 possit
741 2187 878 2262 prodire,
909 2203 942 2245 ac
968 2187 1049 2246 brevi
1075 2188 1186 2246 mittam
1217 2203 1273 2262 ego
1298 2203 1351 2246 eam

212 2288 249 2348 ad
271 2289 475 2348 Celsitndinem
498 2290 647 2364 Vestram,
675 2297 754 2350 certe
775 2297 876 2349 contra
895 2290 940 2361 id,
967 2271 1044 2364 quod
1064 2291 1187 2350 humana
1207 2292 1352 2366 prudentia

212 2392 364 2452 ridebatur
384 2392 469 2466 ferre,
491 2395 535 2452 illi
556 2395 663 2456 domini
682 2394 815 2456 fecerunt
835 2411 906 2468 epus
926 2411 996 2467 ergo
1018 2394 1083 2454 1151.

291 2476 395 2556 Ρ51555
416 2499 569 2570 5155551515,
582 2499 671 2559 filium
691 2502 779 2560 habet
799 2498 861 2559 fere
882 2500 949 2559 XVI
970 2495 1124 2571 annorum,'
1140 2503 1189 2574 qni
1211 2519 1277 2559 cum
1296 2499 1353 2558 filiis

211 2605 289 2678 regis
310 2603 458 2664 Gallorum
485 2605 591 2678 vivit’‚
623 2607 799 2666 admirabilis
827 2623 895 2666 sane
923 2607 1050 2680 ingenii,
1081 2605 1132 2664 sed
1162 2622 1257 2680 nuper
1282 2610 1353 2665 certo
1421 2590 1422 2600 ¹

212 2709 325 2780 scimus,
347 2715 487 2768 aternum
507 2709 623 2770 Patrem
645 2709 844 2770 manifestasse
866 2711 907 2769 illi
928 2711 1095 2782 veritatem,
1124 2711 1166 2767 ita
1193 2715 1228 2768 ut
1256 2725 1307 2784 pro
1322 2715 1354 2766 'ea

213 2814 342 2888 quotidie
364 2815 491 2887 disputet
511 2829 615 2889 magno
636 2815 749 2886 spiritu.
792 2817 861 2888 Quis
891 2817 958 2888 scit,
987 2815 1056 2888 qnid
1076 2814 1146 2873 uelit
1166 2816 1285 2888 operari
1304 2813 1354 2870 Do·

214 2921 307 2978 minus
328 2935 381 2993 per
400 2919 479 2978 illum
501 2918 737 2978 adolescentem?
779 2920 903 2992 Magnus
923 2919 1027 2994 aliquis
1048 2921 1091 2977 vir
1112 2919 1223 2976 monuit
1244 2936 1291 2977 me
1310 2931 1355 2991 per
1421 2905 1422 2924 1

213 3023 341 3094 litteras,
362 3031 395 3082 ut
415 3023 452 3082 ad
471 3022 553 3082 illum
574 3023 666 3095 primo
686 3040 800 3098 quoqne
822 3031 950 3096 tempore
972 3025 1082 3082 mittam
1103 3023 1214 3096 aliquot
1235 3040 1273 3080 ex
1293 3020 1355 3079 meis
1421 3019 1422 3022 ’

213 3127 295 3188 libris
307 3127 424 3200 Italicis,
447 3127 522 3202 quod
534 3128 636 3187 lubens
647 3127 765 3198 faciam3
787 3129 879 3188 habeo
892 3131 977 3200 enim,
991 3129 1039 3201 qui
1054 3127 1097 3186 illi
1112 3130 1141 3185 iu
1154 3145 1241 3186 manu
1257 3127 1354 3186 tradet.
1421 3116 1422 3149 ³

291 3233 407 3292 Amicus
426 3233 477 3292 ille
497 3239 672 3307 purpuratus
693 3233 812 3302 scilicet,
834 3233 883 3306 qui
903 3233 1002 3290 Romae
1024 3231 1104 3303 degit
1117 3229 1276 3308 3,,(555151
1296 3229 1353 3288 Cel·

213 3335 308 3393 situdo
329 3335 435 3394 Vestra
455 3336 534 3394 aliud
555 3335 736 3412 miraculum)
758 3333 899 3408 significat
920 3335 999 3403 mihi,
1020 3351 1051 3393 55
1069 3335 1212 3394 audivisse
1229 3351 1274 3394 me
1290 3350 1355 3392 nnnc
1421 3325 1422 3328 ’

214 3438 347 3498 laborare
374 3441 402 3496 in
424 3439 505 3498 Novo
526 3439 711 3496 'testamento
739 3439 768 3494 in
797 3437 922 3514 linguam
945 3437 1085 3496 Slavicum
1113 3437 1269 3509 vertend03
1297 3451 1354 3493 mos
1421 3431 1422 3434 ’

215 3544 305 3612 addit,
326 3561 357 3602 se
379 3560 491 3616 quoque
513 3543 587 3601 55115
608 3543 745 3616 particen
769 3559 831 3601 5555
849 3540 1354 3615 155515515555155155515555511·

782 3657 796 3688 ης
1231 3649 1234 3656 ,

285 3732 344 3786 ts.
363 3733 405 3786 br.
424 3751 451 3788 n.
473 3736 513 3790 11.

283 3823 299 3874 2
318 3822 344 3875 S.
363 3821 405 3874 br.
413 3839 451 3889 Ι5.
472 3823 512 3877 ll.
550 3821 664 3892 Philipp
684 3823 797 3886 Stronzi,
818 3823 880 3891 geb.
904 3823 984 3884 istm
1014 3837 1110 3892 wegeu
1135 3821 1186 3875 deu
1203 3816 1354 3876 vermandt

213 3907 305 3964 sehaft
328 3909 383 3963 mit
402 3909 559 3964 Kathariua
586 3928 639 3965 von
660 3910 764 3965 Medici
789 3910 884 3964 wurde
912 3927 942 3964 er
970 3909 1024 3964 mit
1046 3909 1099 3964 den
1125 3907 1153 3962 k.
1179 3909 1294 3978 prinzen
1318 3921 1355 3960 er·

214 4011 319 4066 rogem
339 3996 393 4053 den
412 3997 657 4067 protestantismns
676 3997 760 4051 nahm
782 4014 811 4050 er
829 3997 897 4051 aber
916 3996 996 4051 nicht
1015 4015 1065 4059 an;
1091 4014 1128 4052 an
1146 3995 1201 4050 deu
1219 3993 1355 4064 religiens-

213 4081 330 4152 kriegen
349 4083 435 4137 uahm
453 4101 483 4140 er
501 4086 543 4141 als
561 4085 686 4156 tapferer
704 4085 797 4138 soldat
816 4084 1012 4140 bedenteuden
1037 4083 1162 4147 antheil;
1189 4100 1220 4138 55
1247 4077 1355 4138 halbai

214 4169 278 4224 dem
296 4169 514 4241 ungliieklichen
536 4172 740 4227 unternehmeu
760 4188 853 4243 gagen
872 4173 919 4226 die
939 4174 1046 4227 Azoren
1068 4171 1142 4224 1582.
1170 4170 1197 4224 S.
1211 4170 1244 4224 Η.
1257 4164 1354 4224 Martia
1389 4199 1392 4207 ·

214 4255 262 4320 IX,
282 4258 342 4312 511.
1057 4277 1059 4281 ’

283 4346 300 4400 3
319 4344 501 4411 Unbelsannt,
524 4347 644 4403 welcher
664 4346 790 4402 cardinal
808 4347 908 4404 hiemit
926 4344 1053 4416 gemeint
1071 4345 1123 4410 ist;
1143 4342 1354 4400 5515555115-

212 4431 271 4492 liuh
289 4430 371 4488 nieht
389 4433 468 4489 (1555.
