2852 5076
61 395 122 450 1557
594 396 652 458 153

58 569 196 642 expetitis,
216 570 277 642 jam
300 567 415 624 transiit
435 565 570 625 ducatum
593 571 738 634 nostrum,
770 563 997 637 concessimus,
1027 578 1090 620 eum
1113 565 1142 618 et
1163 558 1198 618 do

57 674 131 732 robis
151 679 180 732 et
202 672 238 731 de
260 673 318 730 alio
340 671 462 746 quodem
483 671 647 730 Hannibale
669 672 804 745 episcopo
826 671 1007 744 quaesivisse,
1038 673 1068 725 at
1088 665 1199 726 niholo-

56 781 140 838 minus
161 781 229 854 (pro
252 777 353 836 luorum
375 793 453 836 ruore
475 783 506 836 et
527 777 655 854 ingenio)
677 794 735 848 vos,
758 781 789 835 ut
811 777 859 849 (rui
880 773 1044 834 defeceritis
1064 789 1082 832 a
1102 774 1198 832 catho-

56 885 105 943 lica
125 885 256 956 ecclesia,
278 883 413 943 eorruiciis
434 883 623 942 incessivisse.

126 991 293 1060 Postremo,
325 987 402 1062 (ruod
426 987 600 1060 legationem
628 987 664 1046 ad
693 1004 790 1059 regem
812 987 960 1046 Gallorum
981 985 1061 1046 vobis
1081 985 1198 1046 deman-

63 1094 113 1152 dari
134 1093 256 1168 cupitis,
280 1094 411 1152 nolumus
432 1110 482 1152 vos
503 1095 651 1166 ignorare,
681 1093 756 1166 quod
778 1109 825 1151 res
845 1094 960 1165 scriptis
981 1098 1011 1150 et
1032 1108 1087 1150 non
1109 1093 1198 1150 imter-

60 1199 156 1257 nuntiis
178 1204 292 1270 agetur.
333 1199 451 1272 Legatis
472 1201 547 1258 enim
569 1197 726 1258 difficiliter
754 1199 790 1258 ad
818 1215 915 1272 regem
946 1197 1042 1257 aditus
1069 1198 1099 1256 in
1120 1197 1198 1256 hisce

58 1305 212 1375 presertim
233 1302 344 1362 infestis
366 1306 536 1363 tumultibus
557 1305 671 1364 futurus
693 1310 777 1363 esset.
817 1338 819 1346 ι

124 1410 196 1467 Haec
217 1409 347 1468 brevitor
373 1409 486 1482 seriptis
509 1412 610 1468 vestris
631 1411 761 1468 volumus
789 1409 973 1482 respondere.
1017 1409 1099 1466 batae
1121 1407 1199 1467 Stul-

57 1513 156 1584 gardiae
177 1521 281 1573 notave
302 1515 349 1573 die
370 1515 476 1573 mensis
496 1515 668 1576 Nouembris
691 1531 766 1573 uarro
787 1514 876 1572 LVll.

602 1789 647 1842 56.

355 1915 480 2002 Verger
504 1941 545 1982 an
568 1919 685 2004 herzog
709 1917 893 2000 Chrisioph.

386 2048 535 2120 Tbbingen
557 2053 574 2106 3
597 2048 756 2108 December
780 2049 863 2105 1557.

121 2153 228 2222 Verger
246 2150 356 2229 sohiclr't
374 2150 457 2207 einen
478 2151 554 2207 brief
570 2153 618 2210 des
641 2153 756 2220 heruogs
778 2169 832 2206 von
844 2149 961 2206 Forrara
980 2165 1015 2202 an
1035 2146 1198 2218 Chrisioph;

62 2244 129 2300 seine
147 2245 356 2300 litterarischen
376 2245 512 2301 erbeiben.

126 2341 314 2410 Beigedruckt
333 2341 382 2396 das
400 2341 579 2396 ilalidnische
599 2341 721 2412 original
737 2341 815 2411 jones
832 2340 922 2395 brieio.

127 2439 323 2498 illustrissime
346 2439 488 2512 Princeps
509 2445 539 2497 et
559 2440 681 2498 Domine
703 2438 824 2497 ltomiue
846 2439 1089 2496 Olemerriissirnel

126 2543 212 2603 Mitto
233 2541 408 2603 autenticum
431 2551 460 2602 et
481 2546 641 2603 versionem
660 2543 667 2574 ¹
689 2545 725 2601 de
747 2543 834 2601 uerbo
854 2544 890 2602 nd
911 2542 1038 2600 verbum.
1069 2542 1127 2599 Res
1142 2557 1197 2598 non

57 2653 209 2718 carnemt,
232 2667 316 2722 quam
339 2650 396 2706 dux
414 2648 577 2707 Ferrariae²
594 2649 678 2722 petit,
701 2666 789 2723 tiuare
812 2649 900 2707 miror
919 2648 1034 2706 litteras
1055 2653 1112 2704 tom
1134 2661 1198 2726 aero

58 2754 174 2825 venisse3
207 2754 322 2824 soriptae
354 2753 428 2808 euim
455 2759 522 2810 sunt
550 2752 650 2818 ultima
671 2751 803 2809 Octobris
831 2759 860 2808 et
881 2752 969 2810 miror
991 2769 1045 2808 mon
1068 2751 1197 2824 petiisse,

58 2856 103 2913 boc
123 2859 197 2930 quod
217 2857 301 2930 petit,
323 2874 376 2930 per
396 2857 540 2915 hominem
562 2859 678 2914 missum
700 2875 752 2930 per
773 2857 927 2930 dispositos
949 2874 1046 2930 equos.

128 2962 238 3019 Forsan
260 2963 308 3034 qui
330 2963 396 3019 tulit
411 2962 532 3034 litteras,
547 2961 647 3018 habuit
661 2961 801 3019 rationem
815 2963 889 3034 equi,
912 2979 995 3033 quem
1009 2960 1107 3019 audiui
1122 2960 1197 3018 dono

61 3067 191 3124 attulisse.

131 3170 325 3241 Crediderim,
356 3172 490 3228 Vestram
513 3170 720 3228 Celsitndinem
747 3188 801 3228 rron
823 3186 922 3242 posse,
950 3171 1027 3242 quod
1048 3171 1105 3228 dux
1126 3170 1198 3227 Fer·-

59 3275 135 3330 rariae
155 3277 236 3347 petit,
258 3274 432 3346 concedere,
461 3275 571 3332 scilicet
591 3282 710 3347 propter·
731 3292 828 3346 regem
851 3275 978 3346 Augila,
1006 3291 1095 3347 quiere
1117 3291 1198 3332 reve-

60 3383 150 3435 renter
178 3381 270 3438 dicam
302 3395 395 3436 meum
428 3380 586 3436 consilinm.
638 3379 806 3436 Consulturn
837 3379 1000 3450 videretur,
1033 3386 1065 3436 nt
1096 3380 1201 3438 Vestra

62 3479 197 3540 Celsiiudo
228 3485 275 3541 vel
303 3484 365 3540 sola
396 3483 453 3540 vel
471 3482 616 3554 adiunctis
644 3482 698 3540 sibi
734 3483 876 3556 aliquibus
904 3483 1079 3557 principibus
1109 3485 1199 3542 inter·

63 3585 168 3644 coderet
187 3605 239 3660 pro
266 3603 337 3659 pane
365 3589 392 3644 iu
421 3589 474 3644 bac
505 3605 605 3660 causa;
638 3605 703 3646 nram
725 3588 856 3646 Christus
877 3590 932 3646 aii:
973 3590 1057 3647 Beati
1079 3588 1199 3660 pacifici,

63 3690 111 3748 boc
129 3700 168 3751 est
189 3695 237 3767 qui
265 3710 363 3767 pacem
391 3692 508 3750 faciunt.
552 3693 638 3752 Certe
659 3695 763 3753 Vestra
786 3694 932 3752 Celsitudo
960 3693 1120 3751 devinciret
1146 3693 1200 3750 sibi

64 3803 192 3865 perpetuo
214 3805 304 3857 totam
325 3798 462 3856 familiam
482 3799 649 3872 liniensem,
676 3817 740 3872 quae
772 3807 817 3858 est
847 3800 951 3858 ducum
978 3799 1152 3869 Ferrarius,¹
1170 3805 1200 3856 et

65 3913 184 3970 nagnam
202 3903 238 3963 in
253 3908 316 3960 tota
336 3901 420 3960 Italia
442 3901 497 3958 sibi
517 3908 698 3973 compararet
718 3902 842 3961 laudem.

133 4002 187 4060 luno
207 4005 336 4075 suspicor
357 4003 461 4061 ducem
481 4003 627 4062 Ferrariae
656 4006 710 4064 boc
731 4007 822 4079 magis
842 4009 967 4066 voluisse
987 4014 1089 4080 petere
1109 4008 1200 4065 inter·

66 4106 209 4166 cessionem
229 4109 347 4180 scilicet,
370 4126 455 4181 quarn
477 4111 581 4169 vexilla
601 4111 731 4170 militum,

618 4240 632 4272 al<

136 4341 147 4391 l
162 4340 214 4480 {lie
232 4343 418 4411 iibersetzung
436 4341 473 4399 ist
492 4341 571 4396 nicht
592 4343 670 4397 mehr
689 4341 857 4397 vorhanden.

131 4427 145 4478 2
180 4469 185 4480 .
204 4428 244 4482 br.
264 4447 291 4482 n.
311 4430 336 4482 2.
