2884 5074
761 365 825 424 tte

298 531 495 588 lllustrissime
516 531 654 604 Princeps
676 537 706 590 et
728 531 849 589 Domine
871 530 1118 588 Clementissime!

299 635 393 706 Cogor
420 638 536 694 mittere
565 653 666 709 nempe
698 653 749 706 pro
781 653 867 694 cause
894 637 999 694 Christi
1029 653 1116 694 onum
1139 653 1175 694 ex
1196 639 1260 694 meis
1278 637 1343 696 lomi·

220 739 352 808 lienibus,
374 739 418 798 cui
440 757 543 799 nomen
565 741 711 799 liudovico
733 741 889 812 Vergerio,
912 742 948 798 nd
969 742 1082 814 aliquot
1104 741 1224 799 barones
1245 750 1271 799 et
1287 743 1344 799 elios
1421 717 1422 754 }

220 846 345 915 nobiles,
368 847 416 918 qui
437 847 555 904 suntin
578 846 721 904 Corniola.
765 846 834 904 Cum
858 863 925 903 vero
947 847 1038 917 possit
1059 846 1240 916 contingere,
1261 852 1288 902 nt
1304 847 1344 916 ipsi
1421 851 1422 924 ἶ

179 967 182 978 ’
219 948 351 1007 familiari
374 956 403 1006 et
425 953 523 1022 nepoti
543 967 608 1008 meo
630 968 701 1024 opus
722 951 759 1007 sit
780 952 954 1008 auctoritate
982 957 1011 1006 et
1032 949 1123 1006 veluti
1144 949 1243 1006 umbre
1264 949 1346 1004 Vestra

219 1052 255 1110 ed
278 1052 428 1110 evadendo
448 1053 593 1124 periculo,
626 1071 690 1126 qnae
712 1054 845 1112 accidere
866 1055 961 1112 solent
981 1054 1025 1110 his
1048 1053 1240 1126 temporibus,
1265 1054 1347 1125 quibus
1421 1039 1422 1134 i

219 1157 316 1228 vigent
336 1158 393 1215 isto
413 1158 562 1230 religionis
583 1159 715 1230 dissidio,
742 1161 885 1232 supplico,
916 1167 948 1217 nt
969 1175 1003 1216 eo
1025 1159 1162 1230 dignetur
1182 1159 1246 1234 (pro
1266 1177 1310 1216 sne
1326 1159 1348 1214 in

218 1260 412 1332 promovende
433 1260 541 1330 pietate
563 1260 783 1335 consuetudine)
813 1262 972 1320 concedere
1001 1263 1094 1319 eidem
1117 1267 1217 1335 nepoti
1236 1269 1349 1336 petentes
1421 1283 1422 1294 r

218 1366 330 1422 litteras
357 1367 385 1421 in
414 1363 507 1422 formu
534 1375 688 1436 consueta,
722 1365 824 1438 quibus
855 1367 963 1424 scilicet
994 1367 1194 1422 Illustrissime
1222 1364 1349 1422 Celsitndo
1421 1397 1422 1404 κ

218 1470 322 1527 Vestro
343 1475 477 1540 testetur,
510 1471 601 1541 ipsum
623 1470 801 1528 Ludoricum
829 1486 891 1526 esse
915 1487 1001 1526 unum
1024 1487 1059 1526 ex
1087 1471 1146 1526 suis
1174 1469 1303 1526 ministris
1328 1474 1350 1524 et

218 1573 317 1642 servis,
340 1578 372 1628 nt
393 1586 495 1628 revere
517 1579 569 1628 est.
603 1571 673 1628 Cum
696 1573 771 1628 onim
792 1573 844 1628 sim
866 1586 919 1642 ego
941 1571 1073 1630 minister
1094 1580 1123 1630 et
1144 1590 1244 1630 servus
1256 1575 1350 1641 Vester,

1421 1679 1422 1718 r

218 1676 260 1732 illi
283 1692 396 1749 quoque
418 1674 453 1732 ad
476 1675 700 1732 illustrissimam
723 1674 929 1732 Celsitudinem
942 1675 1076 1732 Vestram
1098 1677 1174 1733 hand
1196 1677 1279 1734 'dubie
1299 1692 1351 1748 per-

220 1785 330 1850 tinent,
353 1781 401 1853 qui
427 1779 496 1836 mihi
527 1780 702 1851 inserviunt,
732 1779 799 1851 quio
820 1780 937 1836 aluntur
959 1780 1061 1837 Vestro
1082 1797 1157 1852 pune
1190 1789 1220 1838 et
1240 1784 1351 1838 seruiunt

218 1888 260 1943 illi
281 1903 338 1942 uno
359 1901 478 1943 mecum.
522 1881 697 1940 Commendo
719 1898 763 1936 rne
785 1887 964 1966 reverenter.

330 1989 466 2061 Ejusdem
489 1988 694 2044 lllustrissimae
716 1985 903 2044 Celsitudinis
924 1988 1037 2044 vestre
1059 1989 1264 2062 deditissimus

1127 2093 1289 2165 Vergerius.

760 2354 827 2408 254.

441 2485 577 2569 Ludwig
604 2483 726 2568 Verger
750 2505 791 2562 en
815 2483 933 2566 herzog
957 2481 1145 2566 Christoph.

684 2617 790 2673 Datum
814 2617 898 2672 1565.

288 2738 341 2792 ller
359 2735 468 2790 kranke
490 2735 572 2788 Peter
590 2735 658 2789 Peul
675 2735 780 2802 Verger
801 2727 911 2789 sohicl'rt
935 2734 979 2786 ein
999 2735 1198 2790 iionnosisclnes
1219 2736 1292 2788 brielr
1310 2735 1354 2786 und

217 2833 368 2885 eisteten
388 2831 474 2898 guden
496 2828 575 2884 wein.

300 2928 496 2987 illustrissime
517 2928 656 3000 Princeps
679 2933 708 2983 ct
729 2927 852 2984 Dornine
873 2927 994 2986 Domine
1017 2929 1266 2988 clementissime!

295 3035 364 3093 Cum
387 3036 501 3092 litteras
522 3034 577 3090 roei
598 3033 695 3104 patrui
715 3032 800 3090 hodie
822 3035 990 3106 incoeperim,
1013 3035 1116 3106 quibus
1138 3034 1270 3108 quendam
1290 3031 1354 3104 apud

218 3139 443 3196 Illustrissinranr
474 3134 681 3194 Uelsitudinem
705 3135 836 3192 Vestrum
859 3135 1037 3207 expedienda
1058 3139 1128 3195 mihi
1149 3138 1284 3211 injungit,
1306 3138 1357 3206 ejus

217 3243 352 3316 petitioni
374 3243 477 3300 deesse
499 3259 554 3298 non
577 3242 665 3313 potui.
696 3242 790 3312 Quone
813 3243 871 3314 ille,
893 3261 956 3316 qnae
979 3243 1150 3302 Celsitndini
1169 3245 1281 3303 Vestree
1301 3243 1357 3300 llln-

219 3349 366 3408 strissimae
387 3346 541 3420 significari
563 3365 615 3419 per
636 3365 681 3404 rne
702 3349 772 3414 vult,
795 3347 856 3405 hoec
878 3357 955 3406 sunt:

299 3452 358 3510 Sibi
387 3454 503 3510 missurn
532 3469 593 3509 esse
623 3451 785 3524 colligatum
814 3451 942 3510 libellum
973 3451 1076 3526 gallice
1101 3455 1253 3525 scriptum,
1286 3467 1357 3523 quern

220 3575 285 3618 cum
304 3557 428 3630 ignoret,
450 3573 518 3614 num
539 3551 686 3614 celsitudo
704 3556 808 3614 Vestra
828 3564 915 3614 antee
936 3555 1052 3624 viderit,
1075 3557 1246 3614 Uelsitndini
1260 3555 1357 3611 Vestro

217 3663 311 3734 offert,
333 3669 373 3732 nt,
395 3661 419 3719 si
440 3661 562 3720 antehac
585 3679 640 3718 non
663 3661 776 3733 viderit,
797 3661 950 3734 perlegere
972 3665 1071 3734 possit.

296 3768 496 3841 Bullingerum
518 3767 554 3825 ad
575 3783 606 3824 se
618 3768 775 3838 scripsisse,
797 3767 972 3824 cardinalem
986 3767 1257 3826 Constnrrtiensem¹
1277 3767 1357 3823 Romu

218 3875 331 3932 domurn
353 3873 483 3932 rediisse.
527 3871 697 3944 Episcopum
719 3870 913 3929 Coriensem²
934 3888 997 3930 esse
1018 3880 1173 3932 mortuum.

298 3979 335 4038 Se
357 3982 385 4036 in
409 3979 509 4037 eodem
532 3985 609 4036 stat-u
631 3973 702 4050 esse,
726 3995 828 4051 nempe
851 3985 1005 4048 oegrotnm,
1026 3980 1239 4054 supplicemque
1261 3997 1279 4037 n
1303 3977 1357 4033 Cel-

789 4119 804 4150 >l

292 4235 304 4290 1
325 4235 405 4292 Mors
427 4210 530 4290 stetten
548 4250 602 4288 von
616 4229 808 4295 'Hohenembs
828 4251 847 4285 s.
867 4228 907 4285 br.
928 4249 955 4284 n.
977 4233 1034 4286 136.

289 4323 445 4378 2'Phomes
466 4339 518 4376 von
536 4320 634 4374 Planta.
655 4337 710 4373 war
731 4336 790 4374 vom
811 4319 843 4371 21
859 4319 1012 4372 December
1033 4321 1098 4373 1548
1118 4319 1160 4371 bis
1181 4324 1213 4372 '20
1228 4317 1284 4372 nsi
1299 4317 1355 4369 lost

161 4371 165 4380 Ι
221 4408 330 4464 bischof
350 4411 379 4462 in
399 4410 480 4464 Ohur.
