2852 5076
1315 363 1364 419 ruta

238 563 348 608 morum
369 552 457 622 atque
478 545 608 605 odiorum
629 544 659 602 in
680 542 843 616 plerisque,
875 545 905 600 et
925 540 1002 614 quod
1023 555 1130 598 summe
1160 539 1310 599 dolendum
1327 546 1366 610 est,

237 654 267 710 in
287 654 349 722 ipsa
368 647 500 720 familia,
530 650 559 705 in
587 647 657 720 ipsis
687 643 859 704 consiliariis
887 643 1007 715 aliisque
1034 643 1175 701 ministris
1203 644 1366 705 illustrissimi

236 755 388 828 principis,
414 769 508 826 neque
530 767 579 810 eos
599 752 704 810 invitat
724 757 776 808 aut
796 753 895 807 mouet
917 747 955 806 ad
983 748 1166 806 concordiam
1194 766 1302 808 summa
1324 750 1366 806 cle-

235 861 344 918 mentia
364 865 394 918 et
413 858 567 932 patientia,
589 872 646 930 qua
667 854 806 913 hactenus
828 870 895 912 usus
916 859 961 910 est
984 851 1225 912 clementissimus
1246 853 1366 926 princeps.

235 963 311 1036 Quid
331 961 450 1022 multis?
472 961 613 1036 quispiam
635 977 650 1018 e
672 957 816 1018 nobilibus
837 959 939 1016 aulicis
961 961 1005 1016 est
1025 958 1054 1014 in
1075 964 1191 1016 arresto
1207 965 1367 1016 constructus

234 1070 263 1126 in
285 1067 408 1142 quodam
429 1068 563 1140 bospitio,
583 1071 740 1140 propterea
761 1063 837 1136 quod
859 1068 926 1121 sunt
946 1037 1136 1134 deprebensa
1156 1063 1222 1135 ejus
1244 1063 1281 1120 ad
1293 1062 1367 1133 Illyri·

236 1171 322 1230 rum¹
342 1172 464 1244 litterae,
490 1170 593 1244 quibus
624 1169 704 1228 illum
734 1169 856 1241 urgebat
882 1169 970 1226 missa
990 1168 1078 1226 ctiam
1099 1183 1212 1225 summa
1240 1168 1368 1239 sexaginta

234 1275 418 1348 florenorum,
439 1282 472 1334 ut
492 1283 594 1334 contra
614 1275 772 1348 principem
794 1271 937 1332 scriberet
958 1269 1160 1344 confessusque
1188 1277 1234 1330 est
1256 1273 1367 1336 disserte,

234 1381 344 1455 aliquot
365 1397 400 1440 cx
421 1361 591 1440 consiliariis
611 1377 803 1438 contribuisse
829 1377 866 1436 ad
889 1379 952 1451 ejm
972 1378 1102 1451 pecuniae
1123 1393 1272 1436 summam.
1311 1375 1368 1434 Gon-

234 1485 344 1544 sideret
363 1485 469 1544 Vestra
489 1483 649 1558 Celsitudo,
670 1485 813 1558 quomodo
834 1486 941 1543 suimet
960 1484 1046 1543 istum
1067 1484 1206 1557 optimum
1228 1485 1367 1556 principem

233 1593 368 1647 tractent.
408 1587 502 1646 Durat
523 1603 593 1660 ergo
615 1587 768 1659 discordia,
790 1587 896 1646 durant
917 1586 1087 1660 simultates,
1108 1589 1188 1646 Deus
1205 1606 1262 1677 sno
1283 1590 1368 1662 spiritu

182 1731 186 1738 -
234 1692 370 1766 dignetur
393 1691 507 1766 placare
534 1699 564 1751 et
591 1693 725 1766 mitigare
756 1692 852 1750 omnia
879 1693 936 1750 ista
962 1693 1141 1752 incommoda
1165 1709 1219 1765 per
1240 1693 1369 1752 Christum
1421 1721 1422 1758 3

233 1797 378 1856 dominum
405 1801 543 1854 nostrum.
584 1797 647 1870 Ego
678 1795 817 1870 quidquid
848 1794 923 1854 forte
951 1795 1082 1856 conferre
1110 1803 1212 1872 potero
1241 1799 1369 1858 tenuitate

232 1917 306 1972 mea,
327 1899 483 1972 conferam,
504 1905 555 1958 aut
575 1901 600 1958 si
620 1899 699 1957 aliud
720 1915 777 1958 non
796 1905 909 1972 potero,
931 1901 1033 1958 saltem
1054 1916 1132 1958 meas
1153 1917 1257 1974 preces
1278 1901 1315 1958 ad
1325 1916 1368 1957 ce

232 2008 333 2066 lestem
355 2007 472 2065 Patrem
496 2022 549 2078 pro
570 2004 624 2062 hac
649 2005 780 2064 odiorum
805 2004 987 2078 mitigatione
1005 2011 1047 2092 'et
1072 2004 1235 2063 concordia.
1277 2006 1368 2065 Verum

232 2127 289 2170 non
309 2113 338 2170 in
359 2111 414 2170 boc
433 2112 494 2168 solo
515 2109 694 2168 incommodo
715 2114 846 2168 versatur
867 2126 943 2168 nunc
963 2107 1174 2167 illustrissimus
1194 2111 1219 2167 is
1240 2109 1369 2182 princeps,
1420 2143 1421 2146 =

231 2215 283 2274 sed
303 2215 382 2274 aliud
402 2215 490 2274 habet
510 2217 595 2288 longe
616 2217 725 2288 majus,
747 2216 783 2273 de
805 2231 861 2286 quo
882 2215 1005 2274 scribam
1027 2231 1080 2288 ego
1102 2230 1233 2288 quoque,
1255 2215 1368 2288 quamtis

231 2319 332 2389 sciam,
354 2317 554 2376 celsitudinem
575 2320 638 2392 ejus
659 2334 772 2391 quoque
794 2319 941 2390 scripsisse
964 2324 993 2374 ot
1012 2319 1132 2388 petiisse
1154 2318 1241 2377 etiam
1262 2320 1368 2392 aliquid.

230 2423 288 2481 Res
308 2423 349 2479 sic
368 2421 464 2479 habet.
506 2421 610 2479 Frater
630 2438 688 2480 suae
710 2421 897 2492 celsitudinis,
919 2438 1041 2495 nemque
1065 2423 1226 2481 Willclmus
1247 2425 1368 2497 Rigensis

230 2524 483 2598 archiepiscopus²
502 2525 607 2596 agebat
632 2527 667 2584 de
694 2527 865 2586 assumendo
897 2527 950 2586 sibi
978 2529 1007 2584 in
1035 2529 1233 2600 coadjutorem
1260 2529 1367 2588 fratrem

798 2659 813 2692 ’l‘

230 2761 275 2815 die
293 2761 352 2814 ihm
373 2743 439 2816 1566
458 2761 513 2816 den
532 2760 581 2815 bod
600 2761 687 2816 durch
706 2761 756 2816 das
775 2760 896 2817 schwert
914 2761 1044 2827 brachie,
1064 2779 1085 2815 a.
1105 2763 1222 2829 Dorner,
1241 2765 1367 2820 entwich-

228 2847 473 2920 lnngsgeschichte
486 2847 534 2901 dor
546 2847 625 2902 lehre
637 2865 692 2903 von
708 2848 756 2902 der
769 2865 868 2918 parson
882 2849 985 2903 Christi
997 2849 1025 2902 b.
1034 2847 1067 2902 ll.
1098 2850 1167 2905 Dem
1181 2851 1315 2921 fortgang
1326 2851 1367 2906 der
1421 2877 1422 2902 1

228 2936 411 2992 reformation
429 2936 459 2990 in
478 2936 564 2991 Polcn
583 2935 676 2991 haben
702 2936 777 2990 dicae
803 2935 1013 3006 streitigkeiten
1040 2936 1192 2992 unendlich
1218 2937 1367 3008 geschadet.

228 3023 253 3078 S.
274 3022 313 3078 br.
332 3041 360 3076 n.
378 3023 421 3076 47.
440 3023 482 3076 48.
501 3023 568 3077 aaa.

298 3113 310 3162 l
331 3110 467 3165 Matthias
480 3110 591 3164 Flacius
603 3111 742 3180 illyricus,
762 3113 826 3182 geb.
841 3111 942 3166 'lMtirz
957 3113 1024 3166 1520
1043 3113 1071 3166 in
1086 3111 1195 3167 Albona
1214 3113 1244 3166 in
1262 3114 1366 3172 latriam

228 3197 286 3251 sein
311 3196 487 3252 vermandter·
505 3197 610 3252 Baldus
636 3200 666 3268 (s.
688 3217 715 3251 n.
737 3199 780 3268 17)
809 3199 882 3253 rieth
907 3200 983 3262 ihm,
1012 3201 1083 3254 stutt
1106 3201 1150 3252 ins
1174 3200 1280 3256 kloster
1303 3200 1366 3254 nach

228 3283 419 3338 Deutschland
440 3302 472 3338 au
492 3285 599 3354 gehen,
630 3305 675 3339 um
705 3287 769 3340 dort
787 3305 819 3339 nu
838 3287 993 3352 studieren;
1024 3305 1054 3341 er
1073 3287 1162 3356 folgte
1182 3281 1284 3342 diesem
1301 3287 1365 3350 rath,

227 3371 322 3424 wurde
341 3370 394 3424 mit
411 3371 516 3426 Luthcr
534 3374 591 3426 und
611 3373 811 3430 Melanchthon
830 3373 964 3439 bekannt,
987 3375 1029 3429 als
1048 3375 1187 3444 professor
1204 3376 1234 3430 in
1254 3376 1365 3429 Witten-

226 3457 296 3526 berg
308 3457 367 3510 und
380 3457 451 3511 Jena
463 3458 525 3513 eine
544 3459 593 3512 der
611 3459 811 3528 hauptstiitze'n
832 3460 881 3514 der
900 3463 996 3530 strong
1014 3460 1206 3517 lutherischen
1225 3463 1363 3531 richtung;

226 3544 302 3598 einer
319 3544 368 3600 der
386 3545 581 3601 streitbarsten
599 3549 666 3602 oder
685 3548 944 3618 streitsiichtigsten
963 3549 1122 3619 theologeu,
1144 3569 1204 3605 war
1222 3569 1253 3606 er
1269 3553 1297 3606 in
1313 3551 1364 3605 alle

225 3630 270 3685 die
288 3631 500 3701 theologischen
520 3635 641 3700 ltindel,
668 3637 774 3692 welche
800 3637 849 3692 das
874 3637 1002 3692 zeitalter
1027 3638 1099 3692 nach
1124 3637 1173 3692 der
1191 3637 1363 3694 reformation

224 3717 440 3782 luennzeichnen,
460 3721 638 3787 verniclrelt;
658 3724 807 3778 besouders
826 3726 890 3779 kam
912 3743 941 3779 er
954 3725 1006 3778 mit
1019 3725 1219 3781 Melanchtlron
1238 3727 1302 3780 iiber
1317 3725 1363 3778 das

223 3803 340 3859 Interim
358 3806 388 3859 in
407 3807 452 3860 die
470 3807 603 3878 heitigste
623 3811 720 3876 iehde3
740 3829 837 3882 wegen
857 3813 905 3867 des
925 3813 1158 3868 verdammenden
1178 3814 1300 3876 urtheils,
1317 3811 1362 3865 das

153 3907 162 3930 ⁴
222 3908 252 3945 er
270 3892 339 3946 iiber
356 3893 481 3948 dasselbe
500 3894 587 3961 fallte,
609 3902 698 3952 muste
717 3917 747 3953 er
767 3900 825 3954 sich
844 3901 917 3956 nach
930 3901 1106 3970 Magdeburg
1128 3899 1260 3965 fliichten,
1280 3916 1317 3954 uo
1334 3915 1361 3952 er

223 3978 298 4032 daun
317 3979 387 4034 arrch
414 3981 468 4035 deu
493 3983 560 4051 plau
586 4004 632 4040 zur
657 3987 831 4057 herausgabe
861 3989 910 4042 der
939 3987 1083 4042 centurion
1111 3986 1198 4042 fasste.
1235 3990 1271 4042 Er
1291 3984 1360 4041 starb

1419 2973 1421 3036 l

224 4065 253 4118 ll
268 4065 350 4120 Mara,
364 4067 429 4124 1575
448 4067 477 4122 in
491 4070 659 4139 Franhfurt3
680 4074 755 4128 siehe
767 4075 875 4144 Preger,
897 4075 932 4129 M.
946 4074 1055 4129 Flacius
1074 4075 1213 4144 illyricus,
1234 4080 1256 4130 l.
1270 4077 1291 4129 2.
1315 4073 1359 4126 Er·
1417 4099 1418 4124 1

222 4151 326 4220 langen
346 4153 469 4209 1859-61.

291 4239 308 4292 2
327 4238 470 4306 Wilhelm,
489 4245 637 4314 markgraf
652 4265 705 4302 von
725 4250 941 4320 Brandenburg,
968 4251 1072 4307 hruder
1089 4253 1194 4323 herzog
1212 4250 1356 4310 Albrechts,

219 4325 376 4384 erebischoi
390 4345 445 4382 von
464 4329 537 4400 Riga
557 4335 624 4387 1539
643 4335 685 4388 bis
704 4337 721 4388 l
739 4336 818 4391 Febr.
840 4339 915 4393 1563.
956 4339 996 4393 lm
1013 4340 1078 4409 jahr
1098 4342 1165 4395 1555
1186 4342 1314 4396 ernaunte
1328 4352 1356 4389 cr

218 4412 273 4468 den
297 4413 399 4484 herzog
419 4415 580 4487 Sigismund
599 4422 708 4490 August
733 4441 786 4479 von
805 4425 1025 4497 Mechlenburg,
1055 4428 1103 4482 der
1129 4445 1183 4483 von
1209 4427 1292 4482 Polou
1314 4424 1354 4478 be
