2830 5078
55 385 112 441 1559
564 389 626 451 219

51 575 145 634 regen3
164 561 203 619 ita
221 559 271 618 illa
291 557 428 632 trepidat,
450 567 482 618 ut
503 557 617 618 dederit
636 557 700 632 regi
718 557 832 631 oppida,
853 559 943 630 villas,
964 560 1097 633 regiones
1117 573 1169 632 pro

50 664 170 723 sexcentis
183 662 299 722 dor-onis
312 662 446 734 millibus,
468 669 500 722 ut
514 679 531 722 u
546 679 597 722 soa
612 661 764 734 majestate
780 659 962 735 defendatur,
983 668 1170 737 quaproter

49 767 219 827 defensionem
247 767 379 840 promisit
406 783 536 841 quoque,
568 765 643 840 qnod
664 767 735 826 uelit
755 766 883 826 Livouion
904 765 1089 826 confessionis
1111 768 1168 826 du·
1216 760 1218 766 ’

48 879 156 944 gustare
173 871 257 931 tidem
277 889 328 931 sua
348 873 478 944 potentia
507 871 661 930 custodire.
706 869 785 929 Unus
815 887 851 928 ex
877 876 1002 946 quatuor
1029 871 1169 945 episeopis

49 978 171 1034 liconiam
201 975 328 1050 prodidit
357 975 562 1045 Moschovitae,
591 977 639 1048 qui
669 989 726 1032 una
754 991 817 1034 cum
842 975 972 1034 exercitu
993 973 1168 1050 profugiens,

46 1079 119 1139 iactus
138 1085 198 1139 erat
218 1081 247 1139 in
269 1085 409 1152 cogente
430 1081 538 1153 primus
559 1080 588 1138 in
610 1077 763 1152 religiono,
794 1085 826 1138 at
846 1094 902 1138 non
929 1079 1019 1138 multo
1046 1085 1112 1152 post
1132 1080 1168 1138 iu

46 1185 137 1243 vincula
156 1187 301 1258 conjectus
329 1190 373 1242 est
400 1189 535 1258 tanquam
556 1182 699 1256 proditor,
731 1183 775 1242 oni
807 1184 921 1242 minime
951 1181 1053 1242 ddunt.
1095 1183 1167 1242 Tota

44 1289 140 1347 Prnssia
158 1295 274 1363 totaque
295 1288 417 1348 Polonia
437 1289 529 1347 minor
556 1290 585 1345 in
616 1286 770 1348 retinenda
800 1286 978 1346 confessione
1000 1289 1169 1362 dogustans

43 1397 197 1451 constantem
221 1409 253 1452 se
274 1391 393 1465 praebet,
415 1393 490 1465 quod
512 1389 638 1460 affirmo,
660 1391 722 1448 sola
744 1405 779 1449 ea
798 1407 878 1466 pars,
901 1407 964 1466 qua
985 1407 1075 1465 prope
1097 1391 1167 1450 Gra·

43 1497 132 1554 coriam
153 1507 213 1568 est,
242 1497 269 1556 d.
293 1513 309 1555 a
329 1496 442 1554 Losoo¹
470 1497 610 1569 sequitur,
641 1512 702 1555 cum
731 1500 826 1554 tamon
857 1513 914 1554 non
935 1495 1031 1554 desint
1051 1495 1167 1554 sectarii

44 1616 145 1672 quoque.
185 1601 281 1660 Pestis
301 1605 449 1673 grassatur
470 1615 526 1658 uon
548 1599 633 1658 modo
653 1599 683 1656 in
712 1600 821 1671 majore
842 1600 963 1658 Polonia
990 1599 1050 1659 illic
1076 1615 1165 1672 prope

42 1701 195 1774 cracoviam,
217 1705 269 1764 sed
290 1708 346 1763 non
369 1704 439 1762 nihil
463 1707 490 1764 in
505 1703 642 1762 Lituania
663 1708 750 1777 atque
771 1703 800 1760 in
821 1703 965 1778 aliquibus
980 1704 1104 1762 Prussioe
1124 1705 1166 1763 lo·

40 1807 77 1877 cis,
96 1813 122 1866 et
140 1807 270 1881 profecto
290 1808 474 1868 metuendum
497 1812 549 1878 est,
579 1823 613 1866 ne
635 1806 685 1866 liat
706 1810 846 1876 atrocior,
875 1809 930 1866 nisi
951 1825 968 1866 a
988 1809 1097 1880 rnagnis
1117 1806 1166 1866 iri·

39 1911 138 1981 poribus
157 1913 371 1985 comprimatur.

103 2016 272 2089 Audieram,
295 2017 322 2075 d.
343 2033 361 2074 a
381 2017 474 2075 Lssco
495 2019 616 2075 traxisse
638 2017 666 2074 in
688 2031 768 2074 suam
792 2015 963 2074 sententiam
984 2014 1046 2075 fere
1067 2031 1166 2076 omnes

39 2119 205 2180 tridentium
227 2127 280 2180 ant
299 2121 485 2180 Picardorum
507 2137 558 2180 seu
579 2121 771 2180 Bohemorum
793 2121 943 2189 ecclesiae,
971 2137 1092 2194 quarum
1113 2121 1165 2178 du·

38 2225 237 2284 catusPrnssiae
258 2224 346 2284 habet
367 2231 513 2299 quattuor,
534 2224 654 2283 Potonis
676 2241 743 2283 vero
764 2225 857 2284 minor
877 2225 966 2282 multo
986 2227 1093 2296 plures,
1113 2224 1165 2284 sed

36 2332 124 2388 centes
144 2337 202 2401 est,
234 2329 311 2403 quod
339 2328 447 2389 fuerint
467 2329 550 2388 valde
572 2335 692 2390 tentatae
713 2337 800 2401 atquo
821 2335 1008 2414 oppugnatae,
1038 2336 1068 2388 et
1088 2328 1165 2402 quod

36 2433 133 2494 tandem
152 2439 321 2494 constantes
341 2434 507 2506 manserint,
529 2434 604 2506 quod
626 2431 752 2505 affirm03
784 2433 841 2492 vidi
863 2434 938 2492 enim
959 2441 990 2492 et
1009 2434 1107 2493 multae
1128 2433 1164 2492 ad

36 2553 69 2594 me
86 2539 193 2611 legatos
214 2539 364 2596 miserunt.

97 2640 175 2702 0sii²
196 2642 327 2716 episcopi
336 2641 512 2699 Vermiensis
533 2641 655 2701 ecclesia
676 2648 706 2700 et
727 2641 849 2701 diocesis
870 2648 915 2701 est
934 2641 981 2698 hic
1001 2642 1029 2697 in
1051 2639 1163 2700 tinibus.

35 2745 107 2805 diest
126 2748 202 2806 euim
224 2747 272 2804 uix
293 2745 351 2802 diei
372 2747 485 2833 itinere,
507 2745 590 2816 multi
609 2747 638 2804 in
660 2761 695 2803 ea
715 2751 782 2805 sunt
801 2746 967 2817 insolentes,
989 2746 1070 2803 multi
1091 2746 1164 2804 bene

34 2852 188 2923 sentientes,
221 2849 414 2924 Elbiugenses
441 2851 598 2924 imprimis,
630 2852 678 2924 qui
707 2867 752 2908 me
780 2858 911 2910 amanter
930 2857 1092 2924 susceptum
1112 2866 1165 2923 per
1257 2859 1260 2864 “

36 2959 126 3013 terrem
150 2957 353 3014 Varrniensem
373 2955 586 3026 conduxerunt,
609 2961 816 3028 servaruntque
837 2955 872 3013 ab
893 2955 1014 3038 injuria,
1036 2971 1092 3012 non
1114 2953 1163 3012 de·

36 3073 84 3116 suin
105 3059 149 3118 hio
169 3077 236 3118 meo
259 3057 354 3117 officio
375 3075 512 3132 spargens
532 3059 651 3128 scilicet,
673 3059 811 3132 quidquid
831 3075 946 3132 possum
967 3058 1112 3117 librorum.

97 3164 200 3236 Spero,
234 3179 281 3221 me
302 3163 492 3220 discessurum
515 3159 581 3218 hinc
602 3159 760 3220 Februario
781 3177 878 3218 meuse
899 3177 932 3218 ao
951 3160 1060 3219 Martio
1088 3160 1163 3219 domi

32 3263 153 3341 futurum,
183 3271 208 3328 si
231 3268 371 3326 Dominus
391 3265 530 3335 voluerit,
562 3281 646 3336 spero
673 3281 718 3323 me
746 3271 964 3339 apportaturum
986 3281 1041 3322 non
1062 3282 1163 3338 pauca,

33 3385 82 3440 qnae
96 3389 154 3430 oum
170 3373 280 3430 Vestra
290 3369 487 3428 Illustrissimo
499 3368 676 3427 celsitudine
697 3377 865 3428 reverenter
880 3364 1093 3442 communicem,
1115 3385 1165 3427 ne-

35 3490 77 3543 que
96 3480 201 3535 attinet
223 3493 259 3534 ea
279 3475 404 3532 scribere
425 3491 514 3546 nuno,
537 3477 651 3532 temetsi
672 3491 784 3547 sperem
806 3475 918 3533 litteras
938 3480 1001 3532 tuto
1016 3473 1165 3548 perferen·

34 3573 80 3634 das.
109 3577 177 3638 Mea
199 3577 318 3651 negotia
339 3576 482 3636 conficiam
505 3577 551 3652 (nt
571 3577 667 3653 spero)
689 3594 743 3634 non
765 3576 929 3637 infeliciter.
961 3579 1035 3650 Quin
1057 3595 1093 3638 ex
1119 3595 1164 3639 me

33 3693 82 3736 curn
95 3682 290 3743 illustrissimo
304 3679 432 3755 palatino
444 3679 608 3752 Vilnense⁸,
630 3679 678 3756 qui
693 3681 729 3740 ad
751 3697 795 3740 me
817 3681 852 3740 de
875 3683 981 3756 nuptiis
1001 3685 1163 3757 scripserat,

32 3799 96 3855 egam
117 3790 234 3846 omnino
256 3786 364 3860 aliquid
387 3803 421 3843 ex
442 3801 502 3856 me,
531 3786 660 3858 inquam,
691 3792 721 3844 et
745 3785 852 3844 curabo
873 3787 909 3844 de
929 3787 1114 3845 illustrissimi
1135 3787 1163 3846 d.

32 3884 159 3958 Bipontini
181 3897 290 3965 nepote
313 3891 413 3948 dextre
440 3896 555 3948 servata
583 3891 646 3963 ejus
674 3889 902 3961 existimatione,
933 3891 1034 3950 saltem
1061 3897 1164 3964 potero

31 3997 171 4054 certissima
200 3997 379 4054 renuntiare.
420 3995 484 4054 Rex
505 3994 634 4053 Poloniee
662 4011 718 4054 non
747 3995 862 4054 videtur
889 3995 925 4054 sd
947 3995 1090 4055 Gaesarem
1117 4011 1162 4052 ac·

586 4137 601 4169 >lt

89 4249 315 4302 ldffimst

88 4335 102 4386 2
120 4333 145 4388 S.
164 4335 206 4390 br.
229 4354 253 4389 n.
274 4337 315 4390 76.

89 4421 103 4471 3
120 4420 257 4486 Rescivit,
280 4441 302 4476 s.
323 4423 363 4481 br.
383 4442 408 4478 u.
427 4426 469 4479 87.
