2852 5076
752 347 793 410 92
1277 339 1334 399 1555

198 525 231 580 ut
250 521 279 578 iu
300 519 354 580 hae
373 517 490 578 ustione
511 518 659 590 contingat
685 533 761 576 nunc
782 516 881 590 eliqua
900 516 968 574 tolis
986 517 1110 577 mutatio
1131 533 1166 576 ac
1186 517 1334 588 revolutio;

199 624 266 686 inco
286 623 474 684 instituerunt
491 621 650 696 jubileum,
671 629 759 698 utque
780 622 936 682 hortentur
950 637 1058 694 omnes,
1079 623 1114 680 ut
1124 623 1218 682 Deum
1233 627 1335 694 rogent

200 746 256 804 quo
277 727 396 803 reliquis
416 728 539 802 populis,
562 730 610 803 qui
625 729 809 788 desciverunt
825 727 862 788 eb
877 727 999 786 ecclesis
1011 727 1150 800 Romana,
1172 726 1262 786 donet
1275 725 1337 784 illul

196 834 288 906 ipsum
309 834 415 901 lumen,
440 832 516 906 quod
539 832 778 906 donauitAnglis.
808 831 921 892 Deinde
943 848 979 890 ex
1001 829 1133 890 omnibus
1153 831 1337 892 cardinalibus

199 939 352 1010 elegerunt
371 937 523 998 Moronem
536 936 561 1009 ¹,
589 937 639 1010 qui
658 935 695 994 ad
719 935 822 996 Vestra
842 936 958 996 comitio
977 937 1087 1006 veniot3
1115 934 1171 994 fuit
1197 935 1337 996 5555511-

199 1042 312 1118 quando
333 1042 451 1102 nuntius
471 1041 546 1115 apud
569 1055 667 1114 regern
688 1040 848 1098 Romanum
870 1038 916 1116 (51
941 1039 1011 1098 mihi
1038 1039 1202 1117 successit),
1230 1045 1339 1113 sperent
1415 1042 1416 1055 ²

197 1147 312 1222 itaque,
341 1145 417 1220 quod
444 1144 543 1205 fauore
565 1162 624 1205 suae
644 1145 806 1219 majestatis
832 1161 942 1220 susque
963 1147 1072 1205 astutia
1091 1146 1180 1220 siquo
1200 1145 1338 1221 hypocrisi

199 1247 685 1322 (1615515551556555115356.
726 1247 778 1306 Vir
805 1249 866 1321 est,
892 1250 941 1322 qni
969 1251 1086 1309 omniuo
1113 1250 1252 1324 intelligit
1273 1250 1337 1310 rori-

142 1413 147 1426 ,
199 1354 291 1416 mrem
312 1360 399 1428 atquo
419 1353 551 1426 ejusdem
572 1351 673 1414 iurinae
694 1369 758 1414 cnm
779 1355 923 1414 cardinale
944 1352 1053 1428 Polo²;
1080 1357 1130 1428 qui
1146 1371 1238 1422 ,unum
1259 1354 1339 1424 videt

199 1458 323 1521 alterum
348 1458 445 1548 ridet„
458 1463 488 1518 et
508 1462 588 1518 certe
608 1458 729 1532 pulchre
749 1465 849 1532 posset
869 1462 1034 1534 imponere,
1062 1460 1087 1519 si
1107 1460 1171 1534 quis
1190 1462 1274 1534 prius
1292 1477 1338 1518 non

199 1563 301 1624 luisset
332 1565 473 1638 monitus,
502 1565 595 1637 qualis
629 1564 674 1624 sit.
714 1565 848 1638 Inprimis
868 1581 937 1624 uero
966 1569 1011 1623 est
1038 1566 1226 1639 cesserimus,
1254 1566 1297 1624 its
1314 1569 1340 1622 nr

200 1670 272 1730 nihil
292 1653 388 1744 supra,
410 1669 637 1731 ccesaricnissimi
659 1669 704 1745 (ut
723 1671 765 1729 ito
786 1669 891 1746 dicam)
911 1671 1035 1730 hominis
1054 1669 1146 1741 filins,
1168 1671 1265 1742 patria
1285 1667 1339 1727 hle·

201 1774 387 1836 diolanensis.
427 1775 461 1834 In
482 1792 591 1840 snrnmo
615 1776 768 1850 vulpecula
795 1776 913 1850 eximia,
944 1791 1032 1849 qnam
1059 1773 1155 1832 omnia
1181 1776 1247 1848 ejus
1274 1773 1341 1833 forts
1413 1793 1417 1857 g*

199 1880 334 1955 uictaque
356 1885 422 1940 sunt
443 1885 576 1955 suspecta
595 1878 736 1938 habenda.
1411 1884 1414 1965 J

279 1985 343 2046 Scio
364 1985 449 2062 (nom
462 1987 505 2046 ita
524 1983 629 2045 iratres
648 1984 686 2044 sd
706 2001 752 2045 me
773 2001 809 2044 ex
829 1985 915 2044 Italia
941 1983 1084 2062 scribunt)
1111 1999 1177 2043 eum
1205 1983 1339 2044 facturum
1413 2006 1414 2070 r

200 2089 345 2150 verbodo
365 2087 539 2150 celebrando
560 2087 696 2160 concilio,
722 2101 780 2146 non
806 2086 923 2161 quidem
950 2087 1026 2162 qnod
1052 2089 1170 2161 cupiant
1190 2088 1341 2157 celebrare,
1413 2077 1417 2113 ³³

199 2195 251 2256 sed
271 2199 432 2254 utmorem
452 2193 593 2267 injiciant,
614 2209 651 2252 56
672 2178 806 2266 cogitetis
825 2191 862 2252 de
876 2192 1025 2267 nationali,
1046 2195 1148 2254 timent
1167 2195 1245 2254 enim
1257 2194 1293 2254 ab
1305 2210 1341 2254 eo.

192 2298 258 2358 Sed
278 2315 337 2358 non
357 2298 452 2358 deerit
472 2297 598 2372 Spiritus
618 2302 743 2370 sanctus,
764 2297 813 2370 qni
833 2296 938 2357 Vestra
958 2297 1078 2358 consilia
1097 2297 1250 2372 gubernet.
1416 2291 1417 2294 ’

280 2404 373 2476 Quum
392 2421 410 2462 6
430 2417 490 2475 me,
512 2403 561 2475 qui
581 2417 673 2474 nuper
692 2399 734 2460 iui
753 2399 846 2460 Ulmae
868 2400 912 2474 (ut
932 2403 1033 2474 scripsi
1054 2402 1118 2461 aliis
1139 2401 1272 2478 litteris),
1292 2402 1341 2462 dis-
1416 2381 1417 2431 ³

200 2507 319 2568 cederet
333 2507 463 2566 minister
476 2506 606 2566 eeclesiae
618 2504 855 2578 Gampidunensis
865 2505 883 2578 ⁸,
901 2521 963 2564 oum
978 2522 1034 2578 quo
1046 2505 1082 2565 de
1093 2506 1227 2566 versione
1238 2506 1343 2568 Slovics
1414 2519 1417 2532 ‘¹

200 2612 387 2686 contuleram,
410 2611 478 2671 dedi
498 2610 541 2670 illi
556 2611 619 2687 *tria
639 2610 747 2684 scriptu
767 2611 857 2670 latine
878 2626 942 2668 mes
962 2627 1064 2682 menu3
1091 2611 1121 2669 in
1141 2628 1200 2671 uno
1221 2613 1343 2672 contine·
1414 2601 1417 2638 '³

771 2732 787 2766 *

277 2830 291 2883 l
311 2827 451 2884 Giovanni
470 2827 504 2882 de
522 2826 652 2890 Morene,
678 2825 756 2881 einer
774 2826 824 2880 der
842 2825 1056 2896 gewandtorten
1075 2827 1249 2899 diplomaten
1266 2830 1343 2886 Romu

201 2917 241 2972 im
263 2917 295 2970 16
310 2914 507 2986 jnhrhundert,
527 2912 590 2983 geb.
609 2913 643 2966 25
656 2912 762 2968 Junuer
777 2913 844 2967 1509
862 2912 893 2966 15
904 2912 1039 2976 11511551,
1058 2914 1225 2990 rornehmer
1243 2915 1343 2972 famih'e
1414 2955 1415 2958 η

203 3005 392 3074 entsprossen3
416 3001 483 3057 1536
501 2999 596 3054 wurde
616 3015 645 3053 er
663 2997 773 3054 bischof
787 2998 817 3052 in
836 2999 955 3070 Medeon
970 3000 1031 3054 und
1050 2999 1121 3055 noch
1140 3000 1170 3056 in
1190 3001 1343 3058 demselbcn

202 3091 283 3160 jahre
303 3088 454 3161 geenndter
473 3085 518 3140 bei
538 3083 627 3155 konig
640 3085 813 3156 Fer·dinand;
832 3087 881 3140 ‹ler
898 3079 988 3157 eriolg
1006 3086 1096 3140 seiner
1115 3087 1343 3158 diplomatischen

200 3176 358 3246 thusigneir
375 3177 443 3245 trug
460 3173 519 3228 ihm
537 3171 591 3226 den
604 3172 798 3228 cardinalshut
811 3171 865 3238 ein,
884 3173 953 3228 eber
966 3173 995 3226 iis
1008 3171 1099 3228 seiner
1111 3173 1221 3230 diocese
1232 3177 1343 3232 Modera

201 3263 351 3320 entialtete
370 3279 400 3318 er
418 3279 476 3315 nun
494 3260 557 3316 eine
575 3259 816 3328 cigenthimliche
836 3259 1082 3316 reformat-orisohe
1101 3259 1266 3331 suscipitis.
1295 3261 1343 3317 llil

202 3352 348 3428 Contarini
366 3351 450 3404 stand
469 3366 498 3404 er
516 3350 546 3403 in
565 3347 751 3418 verbindung‚
770 3346 1240 3418 (151151515115551561555561115155,
1260 3349 1342 3405 lehrte

202 3439 291 3494 selhst
309 3437 354 3494 die
367 3435 600 3508 rechtiertigung,
619 3436 790 3492 verbreitole
810 3436 860 3492 das
871 3435 1004 3492 hisohlein
1018 3435 1065 3490 (161
1077 3433 1211 3492 beneficio
1224 3435 1254 3490 di
1267 3435 1343 3490 Giesu

201 3525 261 3579 und
280 3522 432 3579 iihnlichos.
465 3521 539 3578 Aber
556 3521 609 3576 mit
627 3521 690 3576 dem
705 3521 771 3592 jahn
790 3521 858 3576 1542
877 3522 991 3577 1516516
1009 3521 1081 3577 euch
1098 3538 1130 3576 er
1147 3523 1224 3578 55156
1235 3522 1343 3578 unsieh·

201 3615 265 3677 ten;
285 3611 334 3666 der
352 3608 543 3666 eardinolshut
562 3607 650 3679 siegte
669 3609 739 3662 iiber
757 3607 811 3664 den
824 3607 1088 3664 reformatorisohen
1102 3607 1182 3676 geist.
1208 3609 1245 3663 Er
1257 3608 1343 3663 wurde

201 3699 306 3756 wieder
325 3718 358 3752 nu
377 3695 610 3770 diplomatisehen
629 3695 780 3751 missionem
798 3694 968 3766 gebraucht,
996 3695 1049 3750 wie
1074 3714 1134 3750 unns
1160 3695 1300 3764 reichstag
1317 3693 1343 3747 in

202 3787 360 3858 Augshurg,
381 3784 448 3840 aber
465 3801 521 3838 von
534 3783 645 3839 Oaroffa
665 3783 759 3838 wurde
777 3781 969 3838 ihm-hetzerei
984 3783 1177 3854 vorgeworfen
1189 3783 1257 3854 (Mai
1270 3781 1344 3848 1555)

202 3875 261 3929 und
287 3874 353 3928 1557
373 3871 469 3926 wurde
494 3889 524 3926 er
542 3888 625 3941 sogar
643 3871 695 3924 mit
713 3871 777 3924 dem
796 3857 907 3924 bischof
922 3869 979 3925 San
998 3869 1103 3926 Felicio
1122 3887 1177 3926 von
1197 3870 1270 3926 Cava
1288 3867 1342 3922 ein·

205 3961 367 4031 goherkert.
394 3961 458 4014 urst
475 3958 558 4035 Paule
576 3959 615 4013 IV
633 3958 684 4012 ted
702 3959 750 4028 (18,
760 3959 871 4028 August
890 3959 971 4026 1559)
989 3957 1093 4013 effoeto
1112 3957 1172 4014 sein
1190 3954 1343 4027 gersngniss

202 4046 337 4104 undPius
350 4045 389 4100 IV
408 4043 539 4100 bodiente
557 4044 617 4100 sich
635 4043 725 4100 seiner
744 4043 790 4098 bei
809 4044 863 4099 den
883 4041 1342 4115 5511135165553615355151155

203 4151 232 4190 er
249 4132 419 4204 priisidierte
439 4132 501 4187 eine
519 4131 643 4202 zeillang
659 4131 724 4187 dem
737 4131 935 4188 Tridentinum
953 4131 1011 4186 und
1029 4131 1132 4187 sohlose
1151 4130 1245 4186 desssn
1262 4129 1342 4183 letato

201 4221 321 4290 situung.
359 4223 376 4288 †
396 4222 410 4275 1
430 4219 580 4276 December
600 4219 668 4275 1580
687 4218 717 4273 in
736 4219 815 4274 Rom.
852 4219 917 4288 Vgl.
937 4218 978 4273 br.
996 4236 1023 4272 n.
1042 4219 1077 4275 26
1085 4235 1111 4274 5.
1130 4217 1173 4272 68.

271 4309 287 4362 2
308 4307 335 4363 S.
354 4325 381 4362 5.
402 4307 442 4362 10.
675 4310 681 4319 ’

274 4399 291 4453 3
310 4395 428 4462 Thuben·
442 4413 463 4452 s.
481 4413 509 4452 5.
529 4395 571 4452 17.
591 4396 631 4452 18.
658 4423 660 4426 -
