2830 5072
1312 315 1363 370 leot

233 487 309 559 quod
329 485 467 544 horribile
488 493 533 545 est
554 486 643 545 dictu.
686 487 777 558 Spero
798 487 827 544 in
849 503 981 558 samma.
998 486 1121 545 eandem
1142 489 1294 546 materiam
1312 489 1363 544 mihi

233 591 409 650 notissimam
431 607 504 648 esse.

313 693 426 752 Utinam
442 694 545 752 Vestra
564 693 762 752 Illustrissima
776 691 925 752 Celsitndo
945 695 1044 765 posset
1064 711 1156 764 meam
1177 695 1303 769 linguam
1320 697 1363 754 ltr-

232 799 315 857 licam
336 799 466 872 assequi,
495 799 523 854 in
546 783 684 868 qua'sum
704 796 835 854 fortassis
856 796 960 870 aliquis
981 797 1048 873 (por
1070 797 1125 856 Dei
1145 799 1282 870 gratiam)
1303 809 1364 858 certe

233 919 290 960 non
311 909 483 973 postremus,
505 908 537 958 nt
557 903 613 958 mei
635 901 702 959 Itali
724 901 906 973 existimant;
928 903 986 960 illis
1007 902 1083 960 enim
1105 903 1208 974 credo,
1229 920 1286 961 non
1307 905 1365 960 milri.

232 1008 264 1065 ln
286 1024 321 1066 ea
341 1008 440 1078 lingue
460 1009 558 1080 itaque
579 1007 679 1078 paravi
693 1005 730 1063 ad
745 1006 963 1064 Ferrariensem
977 1007 1160 1074 cardinalem,
1181 1024 1253 1080 quas
1273 1008 1364 1066 mittan

232 1119 284 1169 aut
310 1109 442 1169 fortassis
467 1110 584 1185 atteram
613 1117 728 1182 egomet
756 1111 794 1184 (si
816 1111 894 1168 Dens
920 1109 1058 1186 voluerit)
1083 1110 1206 1170 litteras.
1248 1111 1365 1170 Converti

233 1231 301 1274 vero
315 1217 344 1274 in
357 1217 503 1286 Latinum,
525 1221 557 1274 nt
572 1215 678 1273 Vestra
697 1197 894 1272 Illustrissima
909 1213 1057 1272 Celsitndo
1077 1215 1168 1286 possit
1189 1231 1254 1273 eam
1275 1215 1364 1285 videre,

232 1325 387 1393 antequam
408 1320 560 1376 mittantur
581 1323 610 1376 et
628 1318 768 1390 judicium
790 1316 882 1387 terre3
904 1317 1071 1389 dignabitur
1090 1319 1189 1391 itaque
1210 1325 1319 1377 attente
1335 1319 1366 1375 le·

232 1441 317 1496 gere,
343 1441 395 1497 pro
416 1441 468 1482 sna
489 1423 651 1482 clementia.
693 1423 769 1480 Novi
790 1422 966 1480 cardinalem
986 1423 1082 1494 illum,
1112 1429 1142 1480 et
1162 1431 1315 1497 propterea
1331 1440 1382 1488 ac.

232 1528 381 1588 comodavi
400 1544 445 1586 me
465 1544 518 1586 sno
540 1529 636 1600 captui
656 1534 745 1600 atque
769 1525 928 1586 ambitioni.
971 1527 1063 1586 Velim
1083 1528 1238 1600 impressas
1258 1528 1365 1594 mittere,

233 1639 265 1690 ut
285 1633 388 1690 saltem
407 1634 436 1690 in
457 1631 520 1689 aliis
541 1630 762 1702 fructificarent,
790 1631 863 1688 siin
885 1630 1031 1690 cardinale
1053 1649 1109 1689 non
1136 1637 1284 1704 poterunt,
1316 1648 1365 1689 cun

232 1735 363 1794 fortassis
383 1735 456 1794 nihil
475 1735 591 1806 credat3
613 1734 663 1792 sed
685 1733 799 1792 fundus
820 1751 882 1792 snm
899 1733 993 1793 efficio
1007 1735 1156 1792 christiani
1169 1737 1298 1807 hominis,
1317 1751 1365 1792 enm

232 1840 313 1898 illum
333 1838 436 1898 luerim
457 1838 494 1896 ad
514 1837 726 1911 suscipiendam
746 1839 899 1898 veritatem
920 1839 1098 1896 adhortatus.
1141 1839 1212 1910 Quis
1234 1838 1303 1898 scit?
1325 1853 1365 1895 nos

233 1945 318 2004 decet
337 1944 488 2014 seminare,
509 1944 604 2001 sinere
625 1949 736 2012 postea,
756 1948 790 2000 nt
811 1943 890 2000 Deus
911 1944 1118 2001 incrementum
1139 1943 1200 2000 det.

313 2047 487 2107 Commendo
507 2063 552 2104 me
574 2053 744 2104 reverenter
765 2046 971 2104 Illrrstrissimse
994 2046 1166 2105 Celsitudini
1187 2047 1305 2105 Vestra.

312 2153 415 2212 Gratia
434 2157 465 2210 et
484 2167 540 2223 pax
561 2135 671 2209 domini
690 2151 788 2208 nostri·
802 2151 873 2208 Jesu
896 2149 1003 2209 Christi
1023 2167 1087 2209 cum
1108 2151 1167 2208 illa.
1210 2153 1306 2208 Amen.

312 2258 417 2316 Datum
439 2256 578 2328 Tubiugte
599 2255 646 2313 die
672 2257 707 2312 10
727 2255 860 2314 Januarii
881 2272 957 2312 anno
982 2257 1064 2312 1562.

466 2359 670 2419 Illustrissimae
691 2359 877 2418 Celsitudinis
897 2359 1010 2417 Vestrae
1030 2360 1155 2417 servitor

1040 2499 1043 2504 ·
1137 2464 1298 2535 Vergerins.

777 2581 841 2634 144.

540 2682 667 2768 Herzog
690 2681 865 2767 Christoph
889 2706 931 2748 an
953 2681 1087 2768 Verger.

628 2795 694 2854 Ulm
719 2797 753 2853 19
774 2797 884 2855 ianuar
908 2799 991 2854 1562.

303 2898 432 2952 Antwort
452 2898 502 2952 anf
518 2916 544 2952 n.
566 2899 611 2952 141
634 2899 692 2952 und
714 2899 772 2951 142.

311 2995 536 3070 Christophorns
558 3003 613 3056 etc.

313 3101 485 3160 Reverende
507 3100 588 3159 nohis
609 3101 716 3160 dilecte
738 3117 772 3160 ac
792 3100 902 3161 fidelis!

312 3204 444 3262 Vestrum
468 3222 520 3263 nos
542 3206 699 3272 consilium,
721 3221 809 3279 super
828 3205 935 3278 scripto
956 3203 993 3261 ad
1013 3202 1188 3260 cardinalem
1215 3198 1365 3258 Ferrarien·

169 3373 171 3378 ,
233 3324 294 3366 sem
318 3307 492 3380 perferendo
512 3309 621 3382 liquido
642 3311 852 3381 intelleximus,
885 3315 1060 3380 eapropter
1079 3307 1118 3364 ad
1139 3308 1192 3364 hoc
1212 3307 1296 3378 ipsum
1313 3300 1366 3356 cle·

232 3418 346 3470 menter
366 3413 523 3470 annuimus.

312 3515 447 3574 Ceterum
469 3534 533 3589 quse
554 3533 589 3575 ex
611 3518 740 3576 Venetiis
762 3524 792 3576 et
811 3518 902 3576 Roma
922 3516 959 3574 ad
980 3531 1030 3572 vos
1057 3515 1184 3586 perlata,
1214 3529 1268 3572 non
1285 3508 1364 3566 solnm

231 3621 334 3680 iisdem
354 3623 514 3678 novissimis
534 3622 636 3680 vostris
657 3622 694 3678 ad
715 3639 767 3680 nes
787 3621 962 3679 transmissis
982 3620 1104 3689 litteris,
1129 3618 1181 3676 sed
1203 3618 1282 3674 etiam
1299 3609 1363 3668 alie-

232 3741 295 3782 rum
317 3724 431 3797 scriptis
447 3727 508 3798 jam
528 3725 637 3796 pridem
659 3726 853 3798 cognovimus.
885 3725 976 3782 Porro
998 3722 1074 3795 quod
1095 3722 1234 3780 ducentos
1252 3718 1362 3776 florenos
1405 3801 1406 3806 η

231 3828 261 3884 in
281 3829 423 3886 Rhaetiam
444 3830 481 3886 ad
501 3828 677 3888 destinatum
698 3829 792 3887 locum
813 3829 958 3898 miseritis,
981 3832 1060 3884 reete
1082 3823 1202 3884 fecistis.

310 3932 380 4005 llaec
400 3933 453 3990 tibi
480 3932 517 4009 ad
544 3934 712 4003 petitionem
744 3938 822 3990 tuam
850 3933 1009 3991 clementer
1036 3927 1200 4001 significare
1229 3924 1362 3984 voluimus.

232 4036 313 4094 Vale.
353 4037 437 4093 Datae
458 4034 549 4094 Ulmae
571 4035 679 4092 XVlIll
700 4036 746 4094 die
768 4035 900 4094 Januarii
922 4049 997 4092 anno
1018 4032 1173 4090 MDLXII.

310 4132 443 4211 Denique
473 4139 527 4196 hoo
551 4145 680 4197 nostrum
704 4155 873 4213 responsum
899 4153 951 4209 pro
978 4136 1119 4208 petitione
1146 4141 1238 4194 vestra
1261 4128 1360 4188 adres

231 4243 383 4316 pervenire
403 4242 552 4300 voluimus.
595 4242 683 4300 l'alel
725 4243 791 4300 Dat.
815 4249 846 4300 ut
866 4257 962 4315 supra.

311 4347 461 4418 vergerio.
