2830 5078
1291 335 1345 392 1559

214 511 343 569 ecclesiis
359 508 479 580 11111111,
500 508 578 582 apud
593 525 706 568 omnem
720 512 931 584 posteritatem,
953 508 1062 569 scilicet
1076 510 1113 568 de
1129 509 1253 582 integris
1267 509 1346 568 bibliis

212 617 242 673 in
263 612 405 673 Slavicam
425 613 504 672 illam
523 613 652 686 linguam
665 614 688 682 ¹,
721 631 786 688 quae
807 614 983 673 communior
1004 620 1049 671 est
1070 614 1248 702 evulgandis.
1286 614 1346 672 Nan

212 720 325 778 interea
346 719 414 777 dnm
434 717 499 775 misi
519 719 548 775 in
569 717 732 778 slavoniam
752 719 790 778 ad
821 718 994 793 quaerendos
1019 718 1150 778 homines
1179 719 1297 778 idoneos
1318 720 1346 775 ad

212 820 374 880 iaciendum
389 821 558 892 versionem,
580 837 647 879 ecce
664 824 719 880 mei
734 822 818 880 amici
831 822 1007 881 invenerunt
1025 823 1089 896 ipsa
1108 823 1198 882 biblia
1215 825 1276 894 jam
1294 838 1347 881 con·

212 942 296 986 versa
317 942 335 983 a
355 925 479 998 quodam
498 925 603 997 linguae
618 925 739 984 Slavieac
760 926 934 998 peritissimo
957 932 987 985 et
1004 928 1051 999 pio
1067 928 1137 996 viro,
1158 928 1207 1000 qui
1225 927 1346 997 nesciens,

212 1030 262 1089 ubi
282 1046 347 1088 nam
367 1033 465 1101 posset
486 1028 555 1086 dare
577 1029 776 1102 imprimenda,
797 1037 891 1088 motus
911 1048 929 1088 a
949 1029 1058 1101 Spiritu
1077 1038 1176 1090 sancte
1190 1030 1347 1090 traduxerat

214 1135 344 1207 integra,
372 1139 402 1192 ct
423 1149 527 1206 spero,
558 1131 634 1204 quod
660 1131 733 1190 hene
755 1131 925 1190 traduxerit.
966 1132 1020 1189 Ille
1040 1133 1130 1204 igitur
1150 1135 1231 1206 eupit
1251 1133 1348 1191 Vestra
1401 1133 1402 1202 ᾗ

212 1238 416 1298 illustrissimae
437 1215 609 1295 celsitudini
636 1235 742 1296 offerre
769 1238 843 1296 tales
864 1253 930 1296 suos
953 1237 1082 1307 labores,
1115 1245 1146 1296 et
1174 1255 1254 1296 suam
1276 1239 1348 1297 etiam
1401 1245 1402 1280 1

212 1361 329 1417 operam
348 1344 378 1401 in
399 1343 578 1415 corrigendo,
601 1342 668 1400 dum
688 1343 877 1416 imprimetur,
898 1349 985 1416 atque
999 1344 1041 1401 ita
1056 1343 1147 1400 multo
1162 1345 1254 1401 minor
1268 1359 1347 1415 sump-

212 1455 259 1508 tus
279 1447 393 1508 iuturus
414 1455 459 1506 est
479 1453 509 1504 et
530 1446 619 1504 multo
641 1447 726 1504 citius
746 1446 806 1519 fiet,
828 1464 912 1521 quam
934 1449 959 1506 si
972 1446 1095 1507 luissent
1109 1447 1208 1506 alendi
1225 1449 1348 1515 homines,

213 1551 262 1624 qui
281 1550 338 1608 huc
358 1549 503 1608 venissent
523 1553 554 1606 et
572 1549 635 1621 ipsa
655 1547 744 1607 biblia
757 1551 913 1608 vertissent
926 1551 1096 1625 aprinoipie
1110 1541 1251 1626 usquead
1269 1551 1349 1620 finem,

1401 1541 1402 1590 1

210 1655 289 1728 ‘quod
310 1659 389 1712 certe
411 1659 440 1711 et
460 1655 507 1712 vix
526 1653 659 1726 biennio,
689 1659 720 1712 et
740 1657 787 1711 vix
807 1653 930 1714 fortasse
958 1657 1085 1715 millibus
1112 1656 1231 1718 florenis
1257 1654 1349 1715 factum
1400 1631 1402 1684 Ι

212 1759 324 1818 1111111.
364 1758 449 1818 Nunc
473 1759 564 1817 solum
593 1776 663 1834 opus
691 1763 748 1819 erit
775 1762 888 1820 solvere
910 1762 1014 1820 Vestro
1041 1764 1223 1836 typographo
1249 1763 1350 1820 circiter

214 1865 442 1938 quadringentos
462 1862 601 1934 florenos,
627 1863 700 1921 dare
727 1879 856 1922 mensam
876 1866 904 1922 in
926 1865 1071 1938 stipendio
1099 1866 1196 1922 autori
1216 1861 1350 1930 versionis,

214 1971 263 2044 qui
280 1970 398 2028 intersit
419 1969 607 2041 correctioni,
634 1975 736 2042 postea
754 1970 874 2043 aliquod
893 1971 1077 2030 honorarium
1105 1970 1268 2038 mediocre;
1297 1983 1349 2024 nam

214 2075 393 2134 donarentur
412 2073 456 2131 illi
477 2075 587 2148 aliquot
608 2076 798 2148 exemplaria,
820 2077 936 2148 quaein
957 2093 1037 2134 suum
1059 2074 1239 2133 commodum
1261 2074 1350 2130 distra-

212 2181 306 2240 heret.
347 2180 435 2251 Dens,
457 2181 582 2252 inquam
604 2179 682 2235 misit
702 2178 775 2236 hanc
796 2179 983 2250 occasionem,
1005 2195 1073 2252 quae-
1090 2177 1151 2234 sine
1174 2179 1238 2248 ejus
1257 2174 1350 2248 injuria

212 2301 270 2344 nun
290 2290 388 2360 potest
407 2283 525 2358 negligi,
546 2288 629 2340 tanto
650 2283 756 2356 magis,
786 2283 862 2357 quod
884 2285 992 2341 nullum
1013 2283 1101 2340 credo
1121 2281 1278 2354 principem
1298 2294 1350 2336 esse

212 2388 350 2462 futurum,
371 2389 420 2462 qui
437 2394 497 2447 tam
514 2395 643 2448 sanctum
659 2407 730 2460 opus
751 2391 950 2462 amplectetur,
973 2390 1028 2447 nisi
1043 2388 1148 2446 Vestra
1166 2385 1350 2444 Illustrissima

213 2493 377 2552 Dominatie
396 2491 595 2565 amplectatur,
618 2493 704 2565 quod,
726 2509 761 2550 ne
778 2494 913 2566 amplecti
933 2494 1145 2565 praetermittat,
1168 2494 1255 2549 etiam
1275 2496 1349 2561 atque

215 2599 301 2656 ctiam
321 2613 373 2670 per
394 2598 492 2655 desum
515 2596 660 2655 Christum
681 2613 759 2669 rogo.
801 2596 871 2654 Cum
898 2613 967 2669 ergo
988 2597 1072 2654 amici
1092 2595 1149 2652 mei
1169 2595 1208 2652 ad
1228 2610 1272 2651 me
1291 2593 1349 2649 scri·

213 2702 292 2771 bant,
312 2701 394 2759 illurn
414 2702 520 2760 honum
542 2702 633 2759 virum
654 2703 751 2759 statim
773 2717 836 2760 esse
857 2708 1009 2760 venturum
1031 2717 1068 2758 ex
1078 2701 1225 2758 Dalmatia
1239 2698 1273 2756 ad
1287 2713 1349 2769 pre

214 2805 337 2863 santiam
367 2803 554 2863 Celsitudinis
583 2805 695 2862 Vestrae
727 2811 757 2862 et
790 2804 895 2862 offerre
924 2805 1046 2875 ipsemet
1078 2819 1158 2862 suam
1190 2804 1346 2871 versionem,

213 2908 361 2982 supplico,
391 2915 424 2966 ut
455 2910 556 2968 eadem
587 2909 735 2966 Celsitudo
768 2909 871 2968 Vestra
901 2909 1053 2982 dignetur,
1092 2908 1161 2966 mihi
1194 2906 1349 2971 rescribere,

216 3031 253 3073 an
274 3015 313 3073 sit
333 3020 482 3086 contenta,
504 3021 536 3072 ut
556 3013 688 3086 scribam,
710 3015 787 3086 quod
807 3013 904 3072 veniat
924 3015 952 3071 in
975 3015 1089 3072 nomine
1110 3014 1242 3083 Domini,
1269 3017 1295 3069 et
1309 3011 1349 3081 ju·

215 3120 300 3179 beem
319 3119 363 3176 illi
384 3118 446 3176 dari
467 3118 602 3177 viaticum
617 3119 728 3181 ,Vestro
749 3118 880 3191 nomine;
903 3135 969 3176 nam
989 3118 1092 3177 darent
1112 3118 1173 3176 illic
1193 3119 1252 3176 mei
1270 3113 1348 3181 amici.

215 3225 255 3283 Et
275 3240 311 3282 ne
333 3223 447 3282 dubitet
467 3223 666 3284 illustrissima
686 3225 852 3284 Dominatio
872 3225 996 3298 Vestra,
1026 3225 1096 3298 quin
1128 3223 1202 3280 bene
1233 3225 1349 3281 correcta

215 3328 315 3386 sutura
335 3329 374 3386 sit
394 3328 461 3385 talis
483 3329 593 3400 versio,
621 3333 650 3387 et
670 3325 799 3386 fontibus
820 3326 893 3385 hene
914 3324 1082 3397 conformis,
1115 3341 1151 3382 ne
1172 3325 1264 3398 possit
1281 3319 1346 3390 carrd

212 3431 249 3489 ab
269 3429 386 3502 aemulis,
407 3429 463 3488 hoc
482 3431 512 3487 in
534 3446 579 3489 me
599 3429 718 3502 recipio.
759 3429 832 3488 Dico
853 3429 951 3502 tertio,
973 3428 1050 3502 quod
1070 3429 1151 3487 Deus
1171 3430 1253 3487 illum
1271 3423 1347 3485 homi·

213 3551 279 3595 nem
298 3534 436 3607 moverit,
462 3539 493 3590 ut
521 3535 609 3593 talem
629 3534 792 3593 versionem
812 3533 987 3604 adornaret,
1015 3536 1043 3592 in
1072 3551 1129 3607 qna
1148 3535 1255 3592 multos
1272 3543 1347 3589 annos

211 3642 298 3699 audio
318 3640 399 3697 illum
412 3640 630 3711 consumpsisse,
652 3646 684 3714 ut
695 3641 802 3697 auxilio
815 3639 928 3697 Vestrae
940 3639 1144 3698 Illustrissimae
1156 3634 1347 3698 Dominetionis

283 3855 295 3906 1
317 3852 342 3906 S.
362 3872 389 3907 n.
410 3855 449 3907 17.
486 3853 518 3906 Ι1
537 3852 705 3917 Schnurrer,
734 3853 887 3908 slavischer
912 3854 1108 3909 biicherdruck
1134 3855 1247 3910 1191.
1271 3849 1344 3905 findet

212 3941 278 4007 sich,
299 3941 362 3996 dass
381 3942 426 3996 ein
445 3941 576 3996 Dalmate
596 3941 670 3996 nach
689 3941 840 4011 Tiibingen
861 3942 1030 4013 gekommen
1050 3941 1102 4005 sei,
1128 3942 1179 3996 der
1198 3941 1257 3996 eine
1272 3951 1345 4009 ganne

211 4027 349 4083 slavische
368 4027 444 4084 bihel
463 4029 494 4082 in
513 4029 565 4083 der.
581 4028 759 4085 handschrift
776 4029 963 4094 mithrachte,
983 4030 1029 4086 die
1047 4047 1076 4084 er
1097 4032 1165 4085 1547
1185 4027 1343 4100 angefeogen

211 4115 270 4170 und
289 4117 357 4170 1554
376 4115 521 4170 rollandet
533 4116 620 4181 habe;
641 4118 727 4171 allein
742 4118 868 4173 derselbe
881 4119 955 4172 habe
968 4117 1045 4172 aeine
1058 4117 1136 4172 bibel
1149 4117 1229 4172 nicht
1239 4113 1342 4170 druckeu

209 4202 300 4257 1111111
319 4202 420 4256 wellen
439 4203 497 4256 und
517 4202 555 4258 111
574 4204 648 4257 nach
667 4208 684 4258 4
703 4209 790 4275 tagen
808 4205 913 4260 wieder
937 4205 1095 4274 abgereist,
1119 4222 1150 4260 so
1177 4206 1237 4260 dass
1254 4202 1342 4266 verger

210 4290 265 4343 und
286 4290 395 4344 Truber
412 4289 554 4344 ebermals
573 4291 624 4344 auf
640 4291 700 4345 sich
718 4293 897 4361 angewiesen
916 4309 1019 4347 waren.
1056 4292 1099 4346 Ob
1118 4291 1187 4346 aber
1204 4291 1285 4345 dieser
1299 4301 1340 4337 1111·

210 4377 352 4431 bekannte
373 4377 508 4440 derselbe,
529 4377 580 4432 wie
600 4378 649 4432 der
668 4379 728 4435 hier
748 4380 892 4435 erwdhnte
911 4381 955 4445 ist,
975 4380 1013 4434 ist
1031 4379 1110 4434 nicht
1129 4397 1201 4449 ganz
1218 4373 1304 4452 genili·
1398 4359 1399 4426 1
