2830 5078
765 347 825 408 188
1298 340 1347 396 1559

222 516 251 574 in
272 514 410 588 proximis
430 515 574 574 nundinis.
616 514 723 588 Accepi
753 515 867 574 litteras
887 531 905 573 a
926 513 953 573 d.
975 515 1132 586 Ostrorcgo
1145 513 1163 586 ¹,
1186 517 1235 590 qni
1254 531 1282 574 se
1299 515 1349 575 lllu·

225 617 373 677 strissimre
380 618 695 678 DominetiouiVestrae
706 633 742 676 ex
752 618 848 678 animo
864 617 1052 690 commendat,
1064 619 1140 678 idem
1154 617 1223 679 iacit
1237 621 1262 679 d.
1276 637 1350 680 come

224 722 318 782 Julius
339 739 357 780 a
377 723 486 782 Tbiene
498 721 516 781 ³.
558 722 637 782 Idem
659 739 714 796 ego
736 739 849 796 qnoque
870 723 1022 782 admodum
1042 731 1214 784 reverenter
1232 723 1309 784 iaeio.

300 828 390 888 Pater
409 828 535 887 coelestis
556 829 681 886 omnium
702 834 809 900 augeat
829 844 896 887 suos
916 828 1027 887 divinos
1043 829 1197 888 thesauros
1212 831 1351 904 peresum

223 930 369 991 Christum
391 931 536 992 domiuum
558 936 696 992 nostrum.

301 1035 441 1109 Tubingae
462 1035 509 1096 die
530 1039 569 1096 24
589 1036 743 1096 Februarii
765 1038 850 1098 1559.

368 1139 586 1232 illustrissimae
607 1139 795 1200 celsitudinis
814 1139 928 1200 Vestra
949 1138 1219 1200 observantissimos

1127 1244 1294 1317 Vergerius.
1405 1265 1407 1314 p

659 1505 661 1510 v
765 1482 836 1539 iba.

438 1651 449 1670 ,
516 1585 670 1651 Heinrich
692 1585 861 1672 Killigrew
884 1606 926 1648 an
947 1582 1082 1670 Vergcr.

574 1697 737 1774 Strallburg
757 1701 795 1756 24
816 1699 927 1758 Januar
950 1697 1033 1755 1559.

300 1789 375 1858 Uber
392 1803 442 1857 das
461 1803 597 1860 awischeu
607 1802 738 1874 Euglend
754 1801 813 1856 und
825 1801 881 1857 den
893 1797 1111 1871 evangelischen
1123 1798 1232 1854 liiusten
1241 1797 1358 1854 Deutseb·

230 1897 312 1954 lacds
330 1917 363 1953 au
381 1897 562 1955 schliebende
580 1899 708 1954 blindnis.
744 1899 810 1970 Vgl.
828 1915 854 1954 n.
873 1899 916 1954 78.

297 1994 524 2066 Abgeschrieben
543 2013 593 2051 aus
609 1995 672 2051 dem
691 1995 936 2051 schweiaarischen
954 2010 1080 2048 museum
1100 1991 1176 2048 1788.
1194 1991 1359 2062 ljahrgaua

228 2107 248 2144 s.
267 2090 319 2146 485
336 2091 373 2157 ff..
393 2091 430 2146 da
448 2090 498 2146 des
515 2090 636 2162 original
654 2089 694 2144 im
711 2091 739 2146 lr.
759 2089 855 2148 archiv
872 2089 902 2144 in
920 2089 1066 2158 stuttgart
1083 2087 1164 2144 nicht
1183 2087 1264 2144 melrr
1283 2085 1360 2143 auicu-

228 2185 324 2242 findeu
342 2204 408 2244 urar,

306 2283 350 2340 Mi
371 2282 485 2341 domiue
506 2281 780 2342 observandissime!
1406 2337 1407 2340 ,

307 2387 394 2446 Mitto
422 2387 554 2455 litteras,
585 2386 752 2460 quaemihi
780 2387 903 2446 dederas
923 2387 1066 2446 Basilsam
1093 2384 1241 2446 ferendas.
1282 2385 1360 2446 Audio
1406 2421 1407 2446 1

228 2491 312 2562 enim,
333 2507 398 2550 eum
409 2492 560 2563 bominem,
580 2493 629 2566 qui
645 2491 714 2552 mihi
726 2492 786 2552 illic
801 2497 864 2550 erat
878 2490 1100 2562 conveniendus,
1115 2490 1184 2548 inde
1201 2490 1362 2552 discessisse.
1404 2495 1405 2554 l

228 2594 324 2666 Quare
345 2601 459 2668 oportet
479 2613 524 2655 me
544 2597 823 2670 perLothaiingiam
840 2598 897 2656 iter
911 2596 1057 2670 suscipere
1077 2603 1165 2669 atque
1186 2596 1257 2654 inde
1277 2595 1361 2654 indu-

228 2699 324 2771 gliam
345 2685 393 2758 ubi
414 2715 507 2774 spero,
529 2719 574 2762 me
595 2701 725 2762 futurum
738 2703 785 2760 die
803 2702 1015 2762 decimofnturi
1028 2703 1151 2774 mensis;
1172 2702 1289 2760 interea
1302 2677 1376 2760 con-'

228 2804 333 2862 mendo
353 2821 398 2863 ma
419 2811 506 2880 atque
528 2824 626 2867 omnes
646 2825 693 2867 res
714 2823 793 2866 meas
813 2807 841 2865 in
864 2823 963 2866 manus
983 2813 1057 2878 tuas,
1078 2806 1204 2865 domine.
1405 2837 1406 2883 p

308 2907 415 2984 Scripsi
435 2910 510 2984 hinc,
531 2911 601 2986 quid
621 2912 760 2972 hactonus
780 2909 996 2985 perfecerimus.
1404 2973 1405 2986 p

308 3013 429 3084 Deinde,
451 3015 529 3090 quod
550 3016 587 3075 ad
607 3015 721 3090 reliqua
741 3017 855 3102 attinet,
877 3015 975 3072 remisi
992 3029 1037 3072 me
1057 3012 1095 3072 od
1115 3013 1231 3071 litteras
1252 3019 1309 3072 tua
1327 3008 1366 3067 do

231 3118 412 3194 minationis;
433 3137 506 3195 quae,
528 3122 551 3179 si
573 3120 643 3196 quid
664 3120 937 3194 habueritdigunm,
959 3119 1036 3192 quod
1050 3117 1205 3186 scribatur,
1226 3122 1366 3190 antequam

231 3223 277 3280 vel
298 3224 420 3284 veniatis
441 3225 487 3284 vel
508 3226 630 3284 mittatis
650 3227 678 3284 iu
701 3224 845 3298 Angliam,
865 3223 1000 3297 poteritis
1021 3221 1057 3280 ad
1078 3237 1123 3280 me
1144 3219 1290 3293 seribere,
1315 3217 1367 3277 mit·

231 3332 294 3386 tere
325 3336 421 3389 antem
451 3331 566 3390 litteras
592 3331 781 3406 Argentiuam
813 3331 848 3388 ad
880 3345 980 3388 manus
1011 3327 1119 3386 domiui
1146 3324 1270 3384 ‚loannis
1298 3319 1367 3386 Abel,
1403 3367 1404 3408 ,

232 3435 401 3494 mercatoris
422 3435 544 3510 Angliee.

311 3538 407 3598 Audio
427 3539 530 3610 bodie,
557 3555 611 3612 per
631 3538 820 3611 Argentinem
850 3539 907 3596 iter
936 3535 1063 3596 facturos
1091 3535 1222 3594 dominos
1243 3528 1369 3592 Marilacb

232 3648 262 3703 et
282 3642 576 3718 Burdi10m⁸magno
598 3646 736 3704 comitatu
756 3643 915 3716 Augustam
937 3657 1046 3700 versus.

304 3793 318 3846 l
337 3791 364 3846 S.
382 3791 422 3847 br.
442 3809 470 3846 u.
488 3791 521 3846 61
529 3809 555 3846 a.
796 3749 812 3782 Ι

301 3879 408 4022 8888
421 3879 550 4024 8388186
568 3967 641 4038 (geo.
657 3945 730 4022 iero
748 3965 779 4019 in
797 3965 877 4027 nom,
897 3963 966 4019 1550
984 3959 1096 4016 essenos
1110 3959 1140 4013 in
1158 3960 1286 4021 uma,
1312 3952 1368 4009 rear

233 4054 390 4111 erubischof
411 4073 466 4112 von
489 4055 614 4119 Vienna,
643 4054 721 4110 einer
747 4054 797 4108 der
823 4049 1047 4107 bedentendsten
1073 4046 1249 4116 diplomaten
1273 4041 1370 4100 F'ranlr·
1401 4089 1402 4136 l

234 4142 333 4207 asiche,
351 4143 445 4213 lange·
456 4143 605 4214 gesandter
617 4142 666 4197 bei
678 4141 747 4197 Karl
759 4140 793 4204 V,
812 4140 862 4196 der
879 4136 1061 4194 reformatiou
1078 4134 1161 4189 nicht
1178 4133 1314 4190 leindlich
1331 4145 1369 4200 ge

233 4229 316 4294 siunt,
337 4231 354 4296 †
372 4228 389 4282 2
408 4229 561 4284 December
579 4229 660 4298 1560)
677 4228 736 4284 aud
752 4226 858 4282 Imberb
876 4226 911 4280 de
929 4225 959 4280 la
977 4223 1115 4288 Platibre,
1138 4221 1204 4278 herr
1220 4237 1277 4277 von
1296 4220 1369 4274 Bour-

162 4304 166 4324 '
233 4316 341 4380 dillon,
368 4315 491 4387 gicngen
510 4315 618 4372 damale
638 4315 680 4371 als
697 4313 884 4371 fraucbsischa
910 4311 1047 4382 gesandba
1065 4329 1127 4366 uum
1144 4309 1290 4378 reichntag
1307 4302 1368 4360 nach

233 4405 394 4476 Augsburg.
1400 4475 1401 4482 ἵ

1399 4959 1400 5011 l
