2852 5076
773 351 833 412 114
1302 349 1350 400 5555

229 523 362 596 Spiritus
384 521 543 591 5555115555,
566 519 752 578 laborandum
775 535 853 586 5555,
875 519 1063 578 laborandum
1085 518 1148 576 siue
1170 520 1352 580 intermissione

228 644 280 699 pro
302 627 396 701 gloria
411 625 517 684 domini
539 625 594 682 Dei
616 625 722 694 nostri,
751 639 834 696 quem
862 640 930 690 oro,
962 629 995 682 55
1016 623 1148 682 Vestrum
1170 625 1352 684 Sublimitoten

228 737 379 788 conservet
406 730 534 790 ecclesius
561 717 621 786 snb
647 735 753 786 sonctae
770 746 814 788 55
841 730 931 800 magis
952 728 1081 800 quotidie
1102 736 1188 788 ornet
1209 737 1239 788 et
1258 731 1354 790 ditescat

227 833 351 906 Spiritus
372 832 463 891 555551
485 833 631 890 thesauro.
673 831 849 890 Commendo
871 848 915 890 me
937 841 1115 892 reverenter.
1157 835 1263 908 Libro,
1291 853 1353 908 5555

227 939 319 1010 uerti,
351 938 379 994 d.
400 936 511 996 Breutii
543 936 670 994 nondum
697 942 742 994 est
772 938 917 1008 appositus
944 937 1047 996 titulus
1075 954 1127 996 nec
1155 955 1220 996 meu
1239 937 1354 1012 praeiotio,

227 1047 389 1115 apponetur
416 1049 526 1114 postea.
569 1041 712 1113 Dignctur
731 1042 836 1099 Vestro
857 1041 1006 1100 celsitudo
1028 1042 1161 1101 conferre
1182 1044 1355 1117 praefetionem

229 1150 289 1204 sive
311 1147 461 1219 epistolam
482 1145 701 1218 555511551555555
724 1145 752 1201 d.
768 1145 879 1202 Brentii
901 1162 965 1202 cum
989 1161 1054 1202 meo
1074 1147 1265 1204 555551551555
1283 1163 1311 1203 55
1327 1147 1355 1202 51-

230 1251 318 1322 debit,
340 1251 418 1324 quod
439 1249 564 1308 feliciter
585 1252 730 1308 verterim.

306 1355 489 1427 Renthlingae
511 1356 568 1414 XII
591 1357 761 1414 Novembris
786 1359 868 1415 1555.

499 1461 609 1517 Vestino
632 1460 819 1519 Celsitudinis
840 1461 1108 1519 observantissimus

1131 1567 1296 1637 Vergerius.
1412 1569 1414 1656 5

779 1827 826 1880 31.

524 1953 651 2040 Herzog
675 1952 851 2036 Christoph
878 1976 919 2016 555
945 1951 1077 2040 Verger'.

473 2159 479 2168 ι
553 2087 698 2158 3555555555
722 2089 756 2144 14
779 2087 942 2146 November
965 2088 1048 2144 1555.

589 2206 715 2275 Concept
732 2207 806 2260 ohne
825 2207 1015 2261 5555555155115.

301 2315 431 2368 Antwort
449 2313 500 2367 551
516 2330 542 2366 n.
561 2313 595 2366 32
614 2313 671 2367 und
690 2313 731 2367 33.
760 2313 904 2368 (1551555155
921 2313 968 2368 bei
981 2313 1086 2366 Suttler
1098 2311 1145 2376 IV,
1166 2311 1277 2380 beilage
1294 2331 1318 2365 n.
1328 2309 1360 2364 31.
1413 2297 1414 2302 ¹

226 2427 247 2463 s.
266 2410 308 2462 85.
927 2428 933 2438 “

309 2507 439 2566 Salutem
461 2508 534 2567 dico.
566 2511 643 2580 Quos
658 2511 773 2584 11555555
788 2515 818 2568 55
833 2509 948 2566 obortas
969 2513 1066 2566 restra
1087 2507 1246 2566 dominatio
1267 2507 1361 2564 551555

230 2611 321 2683 dedit,
343 2619 426 2685 grato
453 2613 548 2672 animo
574 2615 746 2685 occepimus.
788 2617 825 2673 itt
851 2613 1002 2672 1555155555
1030 2613 1135 2670 ordene
1162 2619 1289 2672 restrum
1313 2615 1361 2668 sto·

229 2717 307 2775 diurn
327 2718 356 2774 15
379 2719 575 2789 promovendo
596 2727 625 2776 et
654 2721 825 2778 11155555555
855 2721 947 2792 glorio
973 2697 1283 2778 55551515015155155
1307 2733 1359 2786 spe·

226 2837 323 2880 555555
345 2820 416 2893 fore,
439 2829 471 2880 ut
484 2823 608 2882 Domino
629 2823 819 2883 benedicente
833 2831 863 2882 55
874 2826 1081 2882 incrementum
1102 2825 1265 2884 liberaliter
1284 2823 1358 2880 ciente

225 2927 309 2984 151555
330 2933 502 2986 nosternon
530 2927 582 2986 fiut
608 2929 710 2986 155515.
753 2929 834 2998 Quod
862 2937 1024 2988 nostrerum
1052 2936 1096 2986 est
1126 2931 1268 3000 partium,
1294 2927 1361 2984 51555

225 3031 409 3103 arbitremur,
430 3049 482 3090 nos
500 3033 639 3092 hactenus
654 3033 750 3092 divine
760 3035 914 3092 clementio
923 3035 1040 3104 adjutos
1060 3051 1117 3092 nou
1132 3033 1259 3092 defuisse
1273 3037 1360 3090 nostro

226 3134 328 3207 officio,
351 3137 393 3194 155
413 3135 544 3194 dabimus
557 3137 691 3208 deinceps
705 3151 831 3208 operum,
853 3143 989 3208 5555555555
1010 3138 1038 3194 15
1060 3137 1142 3196 uobis
1163 3143 1217 3208 est,
1238 3133 1360 3207 nequid,

225 3239 302 3310 quod
317 3239 354 3296 ud
375 3240 550 3298 incitandum
573 3247 601 3298 55
614 3241 771 3313 juvandum
785 3259 897 3299 cursum
915 3243 1054 3315 evangelii
1076 3243 1111 3300 de
1134 3241 1191 3301 filio
1205 3243 1268 3312 Dei,
1288 3240 1361 3297 55155

225 3351 324 3402 nostro
340 3345 505 3403 mediatore
532 3352 561 3402 et
582 3347 741 3416 salvatore,
764 3347 850 3422 55551
871 3349 1093 3406 conservandum
1115 3349 1143 3404 in
1167 3347 1287 3406 ecclesie
1307 3345 1362 3415 ejus

225 3448 300 3519 piem
323 3448 482 3506 doctrinam
511 3450 583 3508 utile
613 3466 646 3508 cc
674 3451 868 3508 necessarium
896 3453 1127 3523 cognoverimus,
1158 3451 1277 3517 anobis
1296 3463 1359 3520 prn-

225 3550 415 3610 termittatur.
457 3551 584 3612 Tametsi
607 3553 681 3610 eninr
704 3553 794 3612 multu
815 3559 881 3611 sunt
902 3554 1059 3625 5155555515,
1081 3561 1111 3612 55
1132 3547 1236 3628 magna
1255 3553 1359 3614 555155-

226 3669 374 3714 munorum
396 3655 580 3714 consiliorum
602 3659 741 3728 varietas,
763 3664 859 3714 555555
880 3656 956 3715 111155
977 3659 1032 3716 Dei
1053 3662 1135 3714 555555
1156 3663 1202 3714 555
1217 3659 1361 3730 ,majestate

225 3767 254 3817 55
273 3761 414 3832 potentie,
436 3768 468 3818 ut
484 3778 539 3818 non
558 3761 648 3818 solum
666 3761 789 3820 15555555
805 3761 961 3833 obstaculo,
983 3779 1081 3819 verum
1104 3763 1190 3820 551555
1212 3769 1303 3833 portos
1324 3761 1360 3814 in·

224 3862 350 3922 ferorum
371 3873 550 3938 perrumpet.

266 3973 269 3978 ’
301 3969 518 4042 Benevolentio,
541 3987 625 4043 quem
647 3988 716 4044 orgo
737 3988 788 4030 nos
808 3972 916 4030 55515555
937 3971 1082 4034 nosterd.
1096 3971 1225 4030 Joonnes
1239 3965 1359 4040 Ungrrcd,

224 4071 417 4132 liberburoin
430 4075 564 4149 Sonnegg
582 4083 636 4136 etc.
658 4079 686 4134 in
708 4078 813 4136 litteris
834 4077 871 4134 551
883 4083 1006 4136 uestrum
1029 4076 1253 4136 dominationem
1274 4079 1360 4131 osten-

223 4166 273 4246 dit,
295 4185 430 4250 pergratn
450 4181 532 4238 nobis
554 4189 597 4239 cst
618 4199 726 4254 perque
745 4183 885 4254 jucunda;
908 4189 937 4240 et
951 4199 1103 4256 preeurnnr
1114 4182 1217 4250 Deum,
1239 4177 1357 4250 utpium

222 4279 345 4336 animum
366 4283 430 4353 ejus
451 4283 480 4338 in
501 4300 570 4341 vera
590 4286 751 4355 cognitione
774 4287 914 4356 evangeiii
936 4283 987 4341 filii
1008 4285 1062 4342 Dei
1085 4285 1241 4344 confirmet.
1286 4281 1357 4338 Peti-

222 4400 283 4440 mus
304 4391 413 4458 cutem‚
442 4392 475 4443 55
501 4390 524 4445 51
546 4389 659 4460 quando
682 4395 776 4448 vestro
797 4389 953 4448 dominatio
974 4407 1027 4462 per
1047 4391 1225 4450 occasionem
1245 4389 1357 4446 5515555
1409 4395 1410 4422 2
