2830 5072
1284 376 1335 431 llll

210 553 289 614 Deus
309 553 542 613 subministraret
563 558 593 612 et
614 551 651 630 (si
672 569 785 625 possem
807 550 944 628 intelligi)
974 551 1061 610 etiam
1085 551 1140 624 ipsi
1167 551 1336 612 illustrissimo

210 659 286 731 duci,
308 665 338 718 et
358 659 382 717 si
402 659 516 717 interea
537 659 737 735 superveniret
757 657 869 716 vocatio
885 672 921 715 ex
935 655 1037 726 Gallia,
1058 653 1127 714 inde
1147 655 1336 730 proficiscerer

210 765 339 822 venirem
360 764 436 821 enim
456 768 575 834 paratus
595 763 646 834 ita,
668 767 775 820 utnon
796 767 874 820 esset
894 777 965 833 opus
986 759 1055 818 mibi
1075 760 1132 818 hue
1151 761 1268 832 reverti,
1285 762 1336 819 elio·

212 869 280 943 quin
301 884 357 926 non
379 873 456 926 esset
476 867 545 925 mihi
566 883 654 938 grave
676 867 730 924 buc
750 865 858 924 redire.

234 987 237 993 ·
289 973 366 1044 Dixi,
388 972 465 1046 quod
485 973 514 1030 in
535 973 631 1030 animo
653 970 760 1043 habeo,
782 976 928 1030 ettamen
949 970 1154 1030 Illustrissimae
1176 969 1337 1030 Oelsitodiuis

212 1076 325 1134 Vestree
341 1076 451 1148 judicio
472 1082 502 1135 et
523 1077 665 1136 voluntati
687 1076 849 1147 committo,
878 1081 910 1134 ut
934 1091 1003 1134 saue
1024 1075 1132 1145 debeo,
1160 1074 1275 1132 mandet
1293 1073 1336 1142 illa,

212 1182 289 1254 quod
310 1182 380 1252 vult,
402 1182 466 1238 etsi
481 1177 734 1240 mihineniendum
751 1182 816 1252 erit,
838 1180 895 1238 cito
911 1196 1079 1253 responsum
1098 1177 1278 1253 exspectabo.
1299 1176 1337 1236 Oui

211 1304 257 1346 me
284 1291 453 1345 reverenter
472 1285 648 1345 commendo.
690 1285 778 1344 Pater
806 1285 931 1342 eoelestis
958 1289 1063 1356 augeat
1089 1283 1132 1340 illi
1160 1299 1225 1342 suos
1250 1283 1337 1341 divinos

212 1392 373 1460 thesauros,
394 1390 525 1464 spiritum
547 1396 576 1449 et
597 1389 682 1448 fidem
703 1406 756 1462 per
777 1388 922 1448 Christum
944 1388 1090 1448 dominum
1111 1393 1250 1446 nostrum.

289 1497 396 1554 Datum
418 1495 558 1568 Tubingae
579 1497 597 1552 8
615 1493 771 1553 Februarii
795 1496 879 1552 1562.
968 1570 980 1580 ο

440 1598 644 1657 inlustrissime
665 1597 852 1656 celsitudinis
872 1598 986 1656 vestre
1009 1575 1134 1655 servitor

1116 1700 1278 1775 Vergerins.

756 1963 821 2020 149.

515 2092 643 2178 Herzog
666 2091 839 2176 Christoph
862 2113 905 2156 en
928 2091 1062 2176 Verger.
1086 2113 1094 2130 ²

505 2282 512 2293 ,
548 2223 703 2298 Leonberg
725 2227 760 2281 12
781 2223 914 2282 Februar
936 2225 1020 2280 1562.

281 2344 411 2398 Antwort
429 2342 480 2398 auf
496 2363 522 2397 n.
544 2345 602 2399 148.

282 2441 391 2509 Herzog
404 2439 553 2512 Christoph
565 2442 679 2512 schlagt
692 2443 751 2496 ihm
769 2442 827 2496 sein
848 2441 957 2512 gesaeh,
977 2441 1026 2494 ihu
1046 2439 1117 2496 uach
1135 2439 1248 2503 Zabern⁸
1259 2455 1288 2490 nu
1303 2436 1339 2488 be·

119 2595 123 2601 ,
212 2537 327 2607 gleiten,
347 2537 392 2592 nb.

257 2688 260 2693 ,
294 2635 462 2708 Accepimus
483 2636 595 2695 litteras
616 2641 692 2707 tuas,
715 2634 817 2708 quibus
833 2631 984 2708 significas,
1006 2639 1035 2692 te
1056 2639 1188 2706 paratum
1209 2649 1277 2702 esse,
1296 2629 1338 2687 nos

215 2741 401 2798 connominari
421 2739 458 2798 ad
479 2740 654 2813 colloquium
674 2755 736 2798 cum
753 2739 825 2802 dure
841 2737 951 2807 (suisio,
971 2739 1014 2796 ita
1034 2742 1130 2796 tamen
1152 2743 1184 2796 nt
1202 2737 1300 2810 judicio
1317 2739 1340 2791 el

212 2845 352 2904 voluntati
373 2849 479 2902 nostres
500 2845 669 2903 committes.

291 2949 361 3009 Oum
382 2956 479 3010 autem
498 2951 556 3008 iter
581 2951 703 3022 ingressi
732 2950 833 3020 simus,
861 2955 890 3006 et
917 2947 982 3008 beri
1001 2945 1202 3020 Leonbergam
1222 2959 1339 3020 perreue-

211 3057 315 3128 rimus‚
337 3072 391 3113 noc
410 3063 522 3116 constet
543 3055 641 3128 nobis,
667 3073 740 3130 quos
760 3056 880 3116 comites
900 3055 1077 3114 adducturus
1097 3055 1135 3111 sit
1156 3053 1213 3112 dux
1234 3051 1338 3118 (ininius,

212 3174 265 3216 nec
285 3159 396 3216 animus
416 3157 498 3217 nobis
519 3159 565 3231 sit,
586 3160 664 3218 ultra
684 3159 803 3217 bidnnm
824 3157 1017 3218 commorandi
1039 3175 1103 3218 oum
1124 3153 1338 3228 nominatoprin·

212 3263 283 3333 cipe,
305 3279 362 3320 non
383 3262 506 3332 videtur,
528 3268 560 3320 ut
580 3281 632 3321 nos
653 3263 845 3336 subsequeris.

292 3366 393 3439 Neque
415 3366 501 3426 etiam
529 3365 593 3424 fieri
620 3366 743 3438 poterit,
774 3372 806 3423 ut
834 3365 888 3424 bac
909 3366 964 3422 viae
993 3371 1023 3423 et
1043 3369 1223 3440 tempestatis
1241 3361 1337 3438 inieris,

213 3471 375 3542 preesertim
395 3487 480 3530 curru
502 3477 614 3542 vectus,
646 3487 697 3528 nos
728 3472 890 3543 assequaris
918 3471 963 3529 vel
992 3470 1028 3528 nd
1059 3488 1111 3529 nos
1140 3473 1249 3542 venias,
1272 3473 1338 3526 ante·

213 3592 298 3648 quam
320 3575 492 3647 colloquium
514 3591 575 3633 cum
597 3575 669 3633 duce
691 3574 790 3632 Gnisio
811 3573 937 3632 firnialur.
979 3575 1041 3634 Hoc
1067 3581 1096 3634 te
1125 3575 1200 3634 scire
1221 3575 1335 3634 volumus.

212 3683 296 3740 Datae
318 3679 495 3753 Leonbergee
518 3683 553 3738 12
574 3679 728 3738 Februarii
750 3684 803 3737 etc.

756 3942 819 3998 1'50.

520 4070 645 4156 Verger
667 4093 709 4134 en
733 4070 849 4156 herzog
874 4069 1057 4154 Ohristoph.
1148 4053 1152 4062 “

559 4199 759 4260 Weldenbnch
781 4203 800 4257 4
820 4201 900 4260 Maru
924 4203 1007 4260 1562.

281 4319 374 4374 Bittet
390 4338 436 4376 um
456 4320 501 4376 eiu
520 4321 601 4391 pferd
619 4339 666 4376 zur
685 4319 755 4378 reise
775 4322 848 4378 nach
867 4323 1065 4380 Gruubiinden.

290 4417 486 4477 illustrissime
507 4420 646 4494 Princeps
667 4425 697 4478 et
717 4421 840 4480 Domine
860 4419 984 4480 Domine
1006 4418 1240 4479 clementissime!
