2862 5080
764 359 829 420 418
1296 349 1351 403 ¹5⁶4

224 537 304 592 tutos
324 529 413 590 inisse
426 529 575 590 Ludovico
597 547 662 590 meo
683 529 790 600 nepoti,
813 542 870 599 qne
891 524 1008 598 quidem
1027 523 1056 580 in
1079 539 1111 581 re
1132 527 1224 581 sistus
1242 519 1282 581 rei
1298 523 1353 581 licet

225 637 337 709 exignus
359 641 548 708 componetur
568 639 657 693 totns.
1027 701 1032 705 1

301 737 502 796 Illustrissime
512 737 661 809 Princeps,
676 733 779 804 sentio,
801 749 846 792 me
858 736 946 792 ecem
958 747 1074 802 gravem
1096 747 1168 798 csse,
1191 735 1222 788 et
1240 737 1353 804 exspecto

223 843 541 918 quotidievocctionem
557 859 575 900 e
589 842 720 910 Domino,
743 839 903 911 vellemque
925 837 979 894 hoc
998 837 1176 909 negotiolnm
1196 852 1353 908 componere,

223 955 378 1022 antequem
398 962 542 1017 morerer3
563 945 657 1002 habeo
678 933 752 1000 einim
774 942 804 998 in
825 943 935 1012 animo,
966 942 1037 998 istos
1064 939 1203 998 ducentos
1232 939 1354 997 dimittere

223 1068 295 1110 meos
316 1069 352 1111 en
373 1050 464 1110 luntre
485 1049 566 1122 nepti
584 1051 645 1122 jem
666 1046 785 1117 nubili¹‚
805 1045 835 1102 in
857 1043 933 1117 qnod
955 1043 1113 1102 subsidium
1129 1049 1190 1100 tum
1204 1043 1355 1108 Ludovicm,

223 1164 285 1216 tnm
306 1155 442 1214 Aurelius
463 1159 584 1228 nepotes
604 1157 672 1210 sunt
692 1149 868 1208 consensuri.
900 1147 1035 1220 Supplieo
1054 1153 1153 1206 entem
1173 1147 1356 1204 Illustrissimae

223 1263 336 1322 Vestrae
357 1261 525 1320 Clementiae
545 1274 597 1332 per
618 1257 717 1316 Jesum
739 1254 904 1326 Christum,
937 1271 974 1312 ne
999 1251 1125 1320 mihi‚in
1154 1252 1209 1310 hec
1235 1269 1266 1310 re
1289 1251 1356 1317 desit,

224 1383 288 1426 cum
307 1367 337 1424 ln
358 1366 422 1424 eliis
443 1364 529 1424 rebus
549 1361 729 1435 gravioribus
757 1375 901 1432 nunquam
929 1357 998 1416 mihi
1026 1354 1152 1414 deluerit
1173 1373 1227 1428 pro
1247 1371 1295 1414 suo
1312 1355 1357 1412 cle·

223 1471 340 1530 mentis.
382 1469 557 1529 Commendo
583 1485 628 1526 me
656 1471 828 1524 reverenter
855 1465 948 1522 eidem
977 1461 1184 1522 Illustrissimae
1206 1460 1358 1520 (lelsitndini

223 1573 353 1646 Vestro,
387 1573 433 1631 cui
455 1573 542 1632 Peter
563 1569 690 1630 coelestis
711 1574 818 1639 sugent
838 1585 890 1626 sue
916 1565 1057 1640 praeclcru
1078 1566 1166 1638 dorne,
1196 1567 1360 1638 spiritumet

223 1677 311 1740 iidem
330 1693 383 1750 per
404 1677 551 1736 Christum
572 1676 718 1735 dominum
738 1680 878 1733 nostrum.

302 1781 443 1854 Tubingae
463 1781 519 1840 VII
543 1779 615 1838 Maii
640 1780 724 1836 1564.

971 1879 1101 1940 servitor
1124 1879 1299 1938 humillimus

1048 1984 1217 2056 Vergerius.

757 2250 848 2306 204a.

731 2367 874 2456 Beilngc.

297 2496 360 2551 Wie
379 2496 480 2565 herzog
500 2495 650 2566 christoph
669 2513 705 2550 en
725 2495 863 2550 Bellievre
884 2493 1028 2550 schreiben
1047 2498 1125 2553 selle.

303 2593 479 2656 Aulschuift:
837 2655 841 2662 ,

304 2702 337 2760 ln
358 2701 432 2760 hunc
452 2699 625 2758 sententiam
643 2701 681 2760 ed
707 2702 819 2774 regium
845 2702 974 2774 legatum
1001 2701 1115 2762 litteras
1135 2700 1284 2760 desiderat
1304 2699 1361 2756 Ver·

225 2809 331 2884 genius.

303 2910 456 2986 Magnifice
476 2911 613 2970 Domine!
1014 2970 1015 2975 ,

305 3017 472 3090 Vennonius,
494 3015 674 3075 consiliarius
701 3023 808 3088 noster,
839 3016 997 3088 supplens
1021 3015 1104 3074 nohis
1129 3016 1242 3090 aliquid
1268 3012 1365 3089 petinii,

227 3121 303 3196 quod
325 3137 431 3196 negare
452 3136 508 3178 non
528 3121 682 3192 potuimus.
713 3119 788 3178 Huic
810 3119 947 3178 existenti
957 3119 1051 3179 edhuc
1063 3120 1140 3192 apud
1155 3119 1283 3191 Rhaetos,
1297 3123 1362 3176 ente·

226 3240 312 3297 quum
332 3225 361 3281 in
383 3225 477 3280 sulam
499 3228 627 3280 nostram
647 3222 788 3294 venisset,
809 3223 952 3281 Hernicus
977 3221 1069 3284 felicis
1094 3225 1243 3285 memoriae
1264 3223 1290 3280 ll
1314 3221 1364 3292 ejus

226 3328 348 3386 nominis
378 3328 526 3386 Gallorum
558 3343 610 3384 rex
638 3333 823 3386 concesserat
849 3327 988 3387 ducentos
1020 3336 1175 3388 coronatos
1204 3345 1259 3401 pro
1285 3340 1365 3384 annus

225 3421 364 3500 pensione
385 3430 429 3506 (ut
450 3448 485 3488 ex
506 3433 627 3505 litteriS,
650 3451 720 3506 quas
741 3434 872 3505 vidimus,
894 3434 1043 3510 apparet),
1071 3433 1179 3494 fectum
1201 3434 1305 3494 deinde
1322 3429 1365 3489 luit

226 3532 350 3590 ministri
371 3533 518 3604 cujusdam
541 3535 727 3608 negligentia,
749 3543 781 3594 ut
802 3535 837 3594 de
858 3537 909 3594 illo
930 3553 1039 3596 summa
1060 3538 1253 3597 ducentorum
1263 3543 1363 3610 septua-

225 3636 307 3710 ginis
328 3637 458 3695 coronali
480 3637 589 3698 luerint
610 3641 772 3700 detruncati
796 3648 826 3700 et
854 3643 908 3700 hoc
935 3643 997 3700 sine
1024 3644 1106 3716 regio
1136 3645 1290 3710 mundato,
1318 3643 1363 3698 imo

225 3741 287 3812 ipso
314 3757 384 3816 rege
413 3743 513 3801 inscio.
556 3746 651 3816 Quare
679 3746 768 3818 ipsius
795 3747 928 3820 vergerii
957 3749 1098 3818 petitione
1129 3749 1272 3820 permoti,
1301 3741 1363 3817 quod

226 3846 346 3919 nequitus
370 3848 492 3906 suadere
514 3849 636 3922 videtur,
658 3851 815 3922 petendum
835 3869 853 3909 e
873 3853 953 3910 vobis
975 3852 1212 3922 existimavimus,
1232 3859 1266 3911 ut
1284 3855 1364 3909 vestro

225 3965 313 4022 opere
335 3958 365 4010 et
386 3951 538 4024 diligentia
558 3954 654 4013 velitis
675 3954 801 4028 efficere,
823 3961 856 4014 ut
876 3957 931 4030 ipsi
944 3957 1087 4030 Vergerio
1109 3957 1227 4018 ducenti
1249 3951 1363 4016 seroneti

793 4060 809 4094 s

296 4130 375 4186 lSie
400 4149 457 4186 wer
482 4135 528 4188 die
553 4134 716 4202 schwcster¹
730 4153 784 4190 von
802 4136 930 4191 Aurelius
959 4137 1018 4191 und
1042 4137 1178 4207 Ludwig,
1207 4136 1316 4191 wohnto
1337 4131 1360 4186 in

225 4217 324 4272 Triest.
362 4218 442 4274 Nach
461 4239 489 4274 n.
508 4223 557 4276 211
579 4223 656 4277 werb
676 4223 721 4276 ein
742 4226 802 4278 arnt
820 4241 870 4278 nus
887 4223 985 4278 Pedne
1003 4241 1049 4276 um
1070 4224 1110 4278 sie
1127 4225 1187 4278 und
1206 4224 1311 4292 Verger
1329 4236 1361 4273 er·

225 4305 332 4361 reichte
352 4306 425 4360 noch
444 4307 559 4379 lengsm
579 4310 680 4374 bitten,
702 4311 757 4365 dall
778 4329 815 4376 cr,
834 4311 908 4366 noch
927 4330 954 4364 n.
967 4311 1027 4375 222,
1047 4312 1161 4366 dorthin
1171 4313 1261 4366 reisen
1274 4305 1361 4364 dmin,

227 4409 272 4444 um
291 4392 368 4447 ihrer
387 4395 575 4467 vermnhlung
594 4399 795 4455 anuuwohnen.
832 4399 860 4454 S:
877 4416 905 4452 n.
924 4398 984 4453 208.
1004 4399 1064 4453 211.
1082 4399 1144 4452 221.
1165 4399 1223 4454 222.
1240 4397 1301 4452 223.
