2830 5078
1289 345 1340 401 1558

208 531 309 598 regum
331 527 361 582 et
388 523 548 596 principum
579 520 805 583 commovebitur
831 528 919 595 atque
946 527 1015 596 aget
1034 538 1098 581 cum
1118 522 1199 596 Papa
1218 521 1340 582 monebit·

208 647 273 704 que,
295 635 328 689 ut
348 629 385 688 de
405 631 462 688 alio
483 645 589 702 genero
610 629 725 687 concilii
746 628 869 702 cogitet,
895 627 1023 701 alioquin
1043 644 1074 686 so
1096 645 1153 687 non
1173 644 1259 702 posse
1279 629 1341 687 sala

209 735 385 794 couscientia
406 735 606 794 executionem
626 735 713 794 armis
730 735 843 808 juvere.

287 839 449 912 Speraram,
471 839 595 913 inquom,
617 839 693 914 quod
715 855 751 897 ex
771 837 888 912 regibus
908 842 995 912 atquo
1016 855 1052 898 ex
1071 836 1251 910 principibus
1270 833 1341 912 aliqui

207 944 417 1012 invenirentur,
439 946 488 1019 qui
509 944 609 1004 audita
628 945 783 1017 legatione,
804 945 858 1004 boc
878 950 931 1015 est,
954 959 1039 1018 quom
1057 945 1188 1017 iniquum
1209 943 1342 1002 concilium

210 1051 290 1122 Papa
310 1053 340 1108 in
361 1051 456 1108 animo
476 1049 582 1109 babeat
603 1049 761 1122 celebrare,
782 1049 824 1108 ita
844 1055 954 1119 essent,
977 1065 1040 1106 cum
1059 1049 1109 1106 illo
1130 1049 1234 1114 acturi,
1255 1065 1287 1106 oc
1305 1049 1343 1106 ali·

211 1155 282 1228 'quid
303 1153 470 1228 profecturi,
492 1161 525 1214 ut
545 1155 613 1214 dixi.
654 1155 720 1213 Non
743 1155 817 1212 enim
837 1153 963 1213 libenter
982 1155 1011 1211 in
1032 1153 1086 1211 hac
1106 1170 1193 1211 causa
1214 1170 1292 1212 arma
1309 1171 1343 1211 oa·

209 1266 321 1333 perant,
343 1261 446 1318 saltem
462 1259 530 1318 Itali
550 1261 704 1334 principes,
726 1275 815 1334 quare
836 1261 1007 1318 laetarentur
1027 1259 1081 1318 sibi
1102 1258 1200 1317 offerri
1213 1261 1295 1316 istam
1307 1275 1343 1315 er·

209 1365 402 1436 cusationem,
430 1380 487 1438 qua
508 1382 539 1424 se
560 1381 577 1424 a
597 1366 772 1439 sumptibus,
803 1365 839 1424 ab
866 1365 1053 1424 incommodis
1081 1371 1111 1422 et
1130 1380 1148 1421 a
1168 1364 1302 1437 periculis
1318 1361 1343 1418 li·
1404 1399 1405 1404 κ

208 1469 354 1529 berarent.

286 1575 443 1634 Prodesset
464 1577 553 1634 etiam
580 1575 682 1635 eodem
708 1581 858 1650 tempore,
892 1592 948 1650 quo
976 1575 1139 1648 legationes
1165 1574 1346 1640 mitterentur,

210 1680 360 1754 publicare
380 1681 410 1738 iu
432 1681 563 1740 omnibus
585 1681 690 1754 linguis
710 1681 838 1749 libellos,
867 1681 970 1754 quibus
991 1679 1206 1739 describeretur
1225 1679 1344 1752 iniquitas

211 1789 240 1842 et
261 1785 392 1855 tyrannia
412 1785 533 1857 concilii,
556 1785 632 1858 quod
653 1785 733 1858 Papa
753 1801 806 1859 per
826 1801 906 1844 suam
925 1785 1110 1843 indictionem
1132 1783 1303 1842 ostendisset
1321 1797 1343 1839 se

179 1930 182 1938 .
210 1889 284 1946 velle
307 1887 464 1959 celebrare,
486 1894 516 1947 et
537 1890 650 1948 omnino
671 1889 737 1948 binc
758 1906 872 1964 quoque
894 1890 1002 1964 aliquid
1015 1889 1089 1947 lucri
1104 1887 1211 1946 facturi
1225 1904 1343 1946 esseorus.

288 1991 352 2050 Hoc
373 2009 426 2065 ego
449 1997 528 2051 certe
549 1995 638 2052 multo
659 1993 762 2052 melius
783 1996 915 2054 existimo
937 2011 1022 2068 quem
1042 1993 1147 2061 sinere,
1169 1999 1203 2052 ut
1213 1992 1289 2064 Papa
1302 2007 1343 2048 suo

207 2094 291 2154 modo
314 2095 465 2153 concilium
487 2096 623 2165 celebret,
646 2096 750 2154 deinde
772 2101 805 2155 ut
826 2098 913 2156 etiam
934 2113 1001 2155 suos
1018 2097 1164 2155 exercitus
1177 2097 1302 2167 adornet,
1321 2099 1344 2153 ct

211 2205 280 2258 tunc
301 2216 405 2272 parare
427 2217 458 2258 se
479 2201 516 2258 ad
537 2199 743 2259 defensionem.

287 2303 412 2361 Lucrum
434 2309 463 2362 et
484 2305 672 2376 commodum,
693 2303 771 2376 quod
791 2320 941 2378 possumus
960 2321 1077 2376 sperare
1099 2322 1135 2364 ex
1156 2305 1211 2364 hoo
1231 2305 1343 2374 oonsilio,
1404 2373 1405 2383 ἵ

207 2405 360 2477 maximum
382 2411 440 2477 est;
470 2421 559 2478 quare
581 2422 638 2465 non
659 2413 791 2479 putarem
812 2407 869 2464 hoc
889 2409 1038 2466 consilium
1059 2407 1343 2482 negligendum-sod

208 2510 377 2568 tentandum
399 2509 504 2582 potius,
525 2513 686 2582 praesertim
708 2529 771 2570 oum
792 2516 900 2572 tentari
922 2513 1057 2574 facillime
1078 2517 1179 2588 possit.

286 2615 372 2672 Certe
395 2617 447 2672 boc
468 2617 587 2674 consilio
608 2622 722 2676 tentato
743 2616 881 2676 iaciemus
910 2635 1026 2676 causam
1053 2625 1181 2678 nostram
1202 2626 1263 2678 tum
1282 2616 1343 2689 apud

208 2721 337 2779 homines
358 2719 600 2780 favorabiliorem.

761 2985 807 3041 63.

519 3116 643 3203 Verger
667 3141 709 3183 au
732 3118 850 3203 herzog
873 3116 1055 3202 Christoph.

583 3247 721 3307 Wildbsd
744 3252 789 3306 11.
809 3249 871 3308 Mai
894 3251 979 3306 1558.

281 3361 473 3420 Naohrichten
491 3365 561 3419 iiber
579 3364 625 3420 dio
645 3364 810 3435 inquisition
829 3365 858 3419 in
877 3365 1064 3431 Frankroich,
1090 3367 1135 3422 die
1155 3367 1289 3422 umtriebe
1304 3365 1343 3418 der

211 3460 383 3516 Calviuisten
403 3462 432 3515 in
453 3461 556 3527 Polen,
585 3463 635 3517 das
663 3461 737 3518 buch
767 3463 815 3518 des
833 3463 973 3518 Musoulos
1001 3465 1072 3518 suber
1097 3463 1153 3519 den
1173 3464 1282 3520 wucher
1298 3459 1342 3515 uod

208 3555 284 3612 seiuo
303 3559 402 3626 eigone
423 3557 523 3613 schrift
540 3559 611 3614 iiber
629 3555 734 3629 Spiera.

289 3655 486 3714 illustrissime
507 3657 650 3728 Princeps
669 3665 698 3714 et
718 3658 842 3714 Domino
863 3658 985 3716 Domine
1007 3658 1249 3718 Clementissime!

290 3763 353 3834 Ago
375 3764 487 3822 Vestrae
516 3763 724 3821 illustrissime
746 3763 918 3822 Celsiludini
941 3765 1074 3835 ingentes
1102 3765 1211 3838 gratias
1235 3779 1284 3836 pro
1306 3773 1342 3814 re·

214 3883 327 3940 sponso,
351 3868 426 3940 quod
448 3869 568 3942 dignata
589 3873 634 3925 cst
655 3869 724 3926 doro
745 3870 817 3928 meis
838 3870 944 3928 litteris
966 3870 1012 3928 die
1034 3871 1051 3926 5
1073 3869 1160 3941 hujus
1180 3870 1288 3929 mensis.

273 3957 395 4045 'Accepi
417 3974 500 4032 amici
526 3973 664 4044 alicujus,
695 3973 743 4046 qui
763 3973 899 4044 Lugduni
927 3973 1025 4046 degit,
1056 3975 1188 4043 litterae,
1219 3974 1264 4047 qui
1285 3964 1341 4027 mibi

212 4079 334 4145 nuntiat,
357 4078 506 4137 Gallorum
527 4095 625 4149 regem
646 4077 762 4135 tarrdem
783 4078 890 4135 victum
901 4077 1119 4150 importunitate
1136 4075 1283 4136 cardinalis
1294 4071 1340 4128 Lo-

208 4183 359 4256 thoringiae
374 4185 536 4242 admississc
550 4184 579 4240 in
594 4199 676 4241 suum
696 4197 818 4254 regnum
839 4182 1023 4240 deterrimam
1040 4182 1120 4240 illam
1139 4171 1339 4258 carnificinam,

775 4303 790 4338 =l=

284 4399 297 4451 1
317 4398 370 4453 Die
389 4398 521 4454 versuche
543 4399 592 4453 der
610 4399 704 4464 curie,
732 4398 777 4454 die
802 4398 966 4468 inquisition
990 4397 1119 4454 ftirmlich
1143 4399 1173 4452 in
1191 4388 1341 4452 Frankrcich
