2862 5080
68 334 128 391 raes
588 341 654 406 335

124 495 300 564 Uberacbiclct
318 510 334 564 2
352 508 448 574 brieio,
466 508 511 565 die
530 509 589 565 sein
607 509 680 566 nelle
698 509 909 570 naehmenuen
923 510 1096 572 miiuehmon
1113 511 1192 574 aella

64 603 243 660 blacbricbten
261 622 312 660 aus
331 604 441 660 Italian.

130 717 322 779 illustrissime
343 721 484 796 Princeps
504 729 534 781 et
554 724 678 784 Domine
698 723 821 786 Domine
844 723 1087 800 clementissime!

132 823 199 882 Cum
225 825 348 898 primum
368 825 538 899 Stutgardia
566 828 717 888 rediissem
737 828 911 902 Tubingam,
940 830 1014 903 coepi
1041 835 1196 906 utrumque

63 927 188 1017 seriptum
208 929 365 1002 adornare,
386 931 423 990 ad
444 933 668 992 illustrissimum
688 933 790 992 ducem
811 913 936 992 Prassiee
955 933 1093 1006 alteram,
1121 934 1195 994 alte-

62 1047 116 1089 rum
134 1049 201 1092 vero
217 1034 255 1093 ad
278 1035 404 1095 scholam
418 1037 684 1112 Reginmontanam,
706 1045 858 1113 utrumque
880 1054 949 1097 vero
969 1037 1078 1101 conieci
1098 1040 1196 1100 mitto·

62 1153 109 1208 que
127 1137 162 1196 ad
180 1119 403 1200 illustrissimam
424 1141 632 1202 celsitudinem
652 1144 787 1203 Vestram
814 1159 872 1204 arua
899 1159 962 1204 cum
989 1160 1053 1202 meo
1079 1151 1195 1217 nepote,

60 1257 133 1314 quem
151 1243 200 1301 illa
220 1246 371 1306 constituit
385 1247 415 1305 in
430 1247 577 1307 Prussiam
588 1248 714 1318 mittere,
735 1247 974 1322 quemadmodum
995 1263 1049 1323 ego
1071 1264 1194 1308 summo·

60 1359 120 1416 pere
139 1345 282 1417 desidero,
303 1355 334 1406 et
353 1365 439 1422 spero
459 1350 539 1409 illam
561 1349 711 1410 lucturam.

126 1449 276 1524 Dignetur,
298 1451 381 1512 ambo
402 1453 510 1524 scripta
530 1452 688 1527 inspicere,
709 1451 818 1510 addere
839 1459 869 1512 et
888 1455 1032 1525 minuere,
1053 1452 1193 1528 quidquid

60 1551 120 1624 rull,
139 1555 288 1628 acquiesco
309 1556 386 1614 enim
404 1555 494 1628 ipsius
514 1557 667 1616 sententia
687 1561 774 1630 atque
792 1555 913 1629 jndicio.
954 1557 1054 1631 Nepos
1074 1573 1192 1632 exspec-

59 1657 124 1718 tabit
142 1657 332 1734 Stutgardiae,
357 1662 494 1734 quamdiu
513 1678 682 1734 responsum
704 1660 810 1721 babeat
830 1659 865 1719 ab
886 1661 1083 1720 illustrissima
1103 1661 1195 1722 (lelsi-

13 1821 15 1826 .
58 1763 146 1822 tudine
158 1765 272 1838 Vestra,
289 1765 385 1826 statim
399 1783 467 1826 vero
492 1765 529 1826 ad
550 1782 594 1826 me
616 1769 712 1828 veniet
732 1773 820 1840 atque
841 1765 907 1824 binc
920 1763 1140 1838 Regiomontem
1160 1783 1191 1826 se

58 1865 185 1940 conteret,
208 1876 239 1928 et
262 1869 298 1928 de
318 1869 373 1928 boc
393 1869 474 1928 satis.

125 1971 196 2032 Sunt
217 1971 289 2031 mibi
310 1973 363 2034 bac
383 1977 469 2032 nocte
491 1988 527 2030 ex
547 1971 632 2032 Italia
652 1972 773 2044 litterae,
806 1971 909 2046 quibus
929 1969 1116 2046 significatur,
1136 1971 1209 2034 Pa·.

56 2075 136 2147 pam¹
152 2074 252 2137 virere
274 2077 408 2151 quidem,
439 2077 491 2137 sed
510 2092 678 2152 percussum
699 2076 844 2150 paralysi,
876 2075 1051 2149 etpedibus
1071 2075 1115 2135 uti
1135 2092 1193 2136 non

56 2181 143 2250 possit.
1027 2259 1031 2268 μ

124 2285 287 2346 Cardinalis
301 2284 514 2360 Lotberingusl
533 2283 589 2346 luit
601 2292 743 2361 'exceptus
758 2285 897 2358 venetiis,
918 2291 952 2345 ut
965 2300 1025 2344 mos
1045 2291 1099 2357 est,
1120 2285 1193 2343 mul·

55 2395 107 2448 tum
131 2407 200 2450 vero
228 2391 361 2452 hortatus
391 2391 521 2450 dominos
549 2390 676 2450 Venetos
707 2391 743 2449 de
775 2388 958 2448 defendenda
984 2388 1080 2450 Gallia
1105 2395 1193 2464 atque

54 2501 160 2568 papatu.
1176 2500 1178 2505 “

131 2599 322 2672 Delphinus⁸
352 2601 469 2659 nuntius
498 2601 672 2672 apostolicus
700 2600 750 2658 ille
785 2615 867 2658 meus
899 2599 999 2658 incidit
1034 2599 1064 2656 iu
1097 2597 1191 2672 indig-

54 2703 188 2762 nationem
211 2704 240 2765 d.
262 2703 456 2776 Venetorum,
485 2704 535 2778 qni
555 2719 671 2776 grauem
692 2705 721 2761 in
748 2703 830 2762 illum
855 2702 983 2762 tulerunt
1008 2704 1192 2760 sententiam.

54 2803 280 2868 Condemnarunt
300 2810 385 2879 enim,
406 2816 439 2867 ut
459 2817 601 2883 perpetuo
623 2809 735 2868 exsulat
749 2825 786 2868 ex
799 2806 925 2866 dominio
940 2805 1126 2878 Venetorum,
1147 2811 1190 2862 at-

54 2913 217 2983 quantilli
238 2920 325 2986 caput
345 2921 523 2988 amputetur,
545 2913 570 2971 si
591 2912 680 2972 luerit
700 2920 815 2986 captus,
837 2927 952 2970 causam
972 2910 1100 2970 nondum
1120 2909 1190 2967 scri·

53 3012 123 3076 bunt.

121 3122 166 3180 De
187 3121 310 3181 concilio
330 3120 474 3195 scribunt,
505 3120 649 3180 (laesarem
670 3121 745 3179 velle
771 3118 845 3177 illud
871 3120 901 3176 in
920 3133 975 3180 sua
994 3123 1138 3190 potestate
1159 3124 1191 3176 et

51 3222 102 3282 alia
120 3223 213 3285 forma
233 3225 370 3301 incipere.
411 3227 507 3300 Quare
536 3225 648 3298 aliquot
671 3232 771 3298 patres
795 3230 929 3296 sperant,
957 3223 1033 3296 quod
1058 3239 1104 3281 me
1125 3221 1190 3282 Tri·

51 3327 123 3389 denti
143 3333 202 3390 siut
222 3332 319 3404 uisuri,
340 3332 381 3390 sic
401 3331 477 3392 enim
497 3331 633 3390 scribunt.

120 3434 259 3496 Scribant
278 3443 434 3510 praeterea,
462 3433 638 3492 cardinalem
658 3428 884 3490 Tridentiuum⁴
911 3435 1014 3488 catena
1041 3445 1104 3488 esse
1125 3438 1191 3488 con*

50 3539 172 3598 strictum
192 3541 292 3600 Romae
313 3549 457 3614 tamquam
477 3537 625 3610 furiosum,
647 3536 724 3610 quod
745 3534 828 3593 facile
849 3534 919 3592 mibi
941 3533 1065 3592 videtur.
1093 3533 1191 3607 Appa-

49 3642 126 3703 rebat
146 3645 222 3704 enim
243 3645 323 3704 alere
345 3645 454 3702 semina
474 3642 541 3702 talis
562 3640 664 3700 morbi.

121 3749 296 3810 Commendo
317 3767 362 3809 me
383 3749 554 3808 reverenter
573 3746 778 3805 Illustm'ssimae
794 3741 1099 3803 CelsitudiniVestrae.
1129 3739 1191 3798 Pax

49 3859 76 3912 et
93 3856 187 3928 gratia
208 3855 316 3915 domini
337 3856 429 3912 nostri
449 3855 521 3913 Jesu
543 3850 651 3912 (lbristi
672 3867 735 3915 cum
755 3847 815 3907 illa.

609 4002 624 4035 ’l‘

114 4119 127 4171 1
148 4117 173 4172 8.
191 4136 219 4172 ιι.
239 4118 288 4174 130
306 4117 364 4171 und
383 4116 426 4170 94.

112 4204 174 4259 28.
194 4223 220 4260 ιι.
240 4206 272 4260 81
293 4203 349 4258 und
369 4206 428 4258 177.

114 4291 175 4346 38.
193 4309 222 4346 ιι.
242 4291 301 4346 110.

112 4379 130 4430 l
147 4377 172 4432 S.
190 4396 218 4432 ιι.
240 4379 299 4433 108.

98 4479 187 4536 verger
