<?xml version="1.0" encoding="UTF-8"?>
<!DOCTYPE html PUBLIC "-//W3C//DTD XHTML 1.0 Transitional//EN"
    "http://www.w3.org/TR/xhtml1/DTD/xhtml1-transitional.dtd">
<html xmlns="http://www.w3.org/1999/xhtml" xml:lang="en" lang="en">
 <head>
  <title>
</title>
<meta http-equiv="Content-Type" content="text/html;charset=utf-8" />
  <meta name='ocr-system' content='tesseract 3.04.00' />
  <meta name='ocr-capabilities' content='ocr_page ocr_carea ocr_par ocr_line ocrx_word'/>
</head>
<body>
  <div class='ocr_page' id='page_1' title='image "./briefwechselzwi01verggoog/briefwechselzwi01verggoog_0131.png"; bbox 0 0 2852 5076; ppageno 0'>
   <div class='ocr_carea' id='block_1_1' title="bbox 767 651 813 706">
    <p class='ocr_par' dir='ltr' id='par_1_1' title="bbox 767 651 813 706">
     <span class='ocr_line' id='line_1_1' title="bbox 767 651 813 706; baseline 0 0"><span class='ocrx_word' id='word_1_1' title='bbox 767 651 813 706; x_wconf 81' lang='lat'>39.</span> 
     </span>
    </p>
   </div>
   <div class='ocr_carea' id='block_1_2' title="bbox 400 781 1177 868">
    <p class='ocr_par' dir='ltr' id='par_1_2' title="bbox 400 781 1177 868">
     <span class='ocr_line' id='line_1_2' title="bbox 400 781 1177 868; baseline -0.005 -20"><span class='ocrx_word' id='word_1_2' title='bbox 400 783 567 850; x_wconf 75' lang='lat' dir='ltr'>Matthias</span> <span class='ocrx_word' id='word_1_3' title='bbox 590 783 764 849; x_wconf 85' lang='lat' dir='ltr'>Gribaldus</span> <span class='ocrx_word' id='word_1_4' title='bbox 787 805 830 848; x_wconf 84' lang='lat' dir='ltr'>sn</span> <span class='ocrx_word' id='word_1_5' title='bbox 852 782 970 868; x_wconf 79' lang='lat' dir='ltr'>herzog</span> <span class='ocrx_word' id='word_1_6' title='bbox 993 781 1177 866; x_wconf 75' lang='lat' dir='ltr'>christoph.</span> 
     </span>
    </p>
   </div>
   <div class='ocr_carea' id='block_1_3' title="bbox 282 909 1349 1304">
    <p class='ocr_par' dir='ltr' id='par_1_3' title="bbox 282 909 957 999">
     <span class='ocr_line' id='line_1_3' title="bbox 282 909 957 999; baseline -0.007 -27"><span class='ocrx_word' id='word_1_7' title='bbox 282 993 285 999; x_wconf 25' lang='grc' dir='ltr'>Ι</span> <span class='ocrx_word' id='word_1_8' title='bbox 630 913 667 970; x_wconf 84' lang='grc'>27</span> <span class='ocrx_word' id='word_1_9' title='bbox 688 909 852 970; x_wconf 82' lang='lat' dir='ltr'>November</span> <span class='ocrx_word' id='word_1_10' title='bbox 875 909 957 968; x_wconf 88' lang='lat'><strong>1555.</strong></span> 
     </span>
    </p>

    <p class='ocr_par' dir='ltr' id='par_1_4' title="bbox 287 1009 1101 1094">
     <span class='ocr_line' id='line_1_4' title="bbox 287 1009 1101 1094; baseline -0.007 -12"><span class='ocrx_word' id='word_1_11' title='bbox 287 1027 419 1082; x_wconf 83' lang='lat' dir='ltr'>Antwort</span> <span class='ocrx_word' id='word_1_12' title='bbox 437 1015 530 1080; x_wconf 73' lang='lat' dir='ltr'>aui&#39;n.</span> <span class='ocrx_word' id='word_1_13' title='bbox 550 1024 592 1080; x_wconf 83' lang='lat'>38.</span> <span class='ocrx_word' id='word_1_14' title='bbox 630 1009 706 1079; x_wconf 82' lang='lat' dir='ltr'>iiber</span> <span class='ocrx_word' id='word_1_15' title='bbox 724 1023 776 1079; x_wconf 87' lang='lat' dir='ltr'>dan</span> <span class='ocrx_word' id='word_1_16' title='bbox 798 1022 898 1094; x_wconf 80' lang='lat' dir='ltr'>grafan</span> <span class='ocrx_word' id='word_1_17' title='bbox 916 1038 970 1076; x_wconf 88' lang='lat' dir='ltr'>von</span> <span class='ocrx_word' id='word_1_18' title='bbox 989 1021 1101 1078; x_wconf 81' lang='lat' dir='ltr'>Thisne.</span> 
     </span>
    </p>

    <p class='ocr_par' dir='ltr' id='par_1_5' title="bbox 296 1121 979 1196">
     <span class='ocr_line' id='line_1_5' title="bbox 296 1121 979 1196; baseline -0.009 -13"><span class='ocrx_word' id='word_1_19' title='bbox 296 1123 493 1183; x_wconf 87' lang='lat' dir='ltr'>illustrissime</span> <span class='ocrx_word' id='word_1_20' title='bbox 514 1129 600 1196; x_wconf 85' lang='lat' dir='ltr'>atque</span> <span class='ocrx_word' id='word_1_21' title='bbox 621 1121 802 1182; x_wconf 87' lang='lat' dir='ltr'>inclitissime</span> <span class='ocrx_word' id='word_1_22' title='bbox 822 1121 979 1194; x_wconf 77' lang='lat' dir='ltr'><strong>Princeps!</strong></span> 
     </span>
    </p>

    <p class='ocr_par' dir='ltr' id='par_1_6' title="bbox 297 1224 1349 1304">
     <span class='ocr_line' id='line_1_6' title="bbox 297 1224 1349 1304; baseline -0.008 -16"><span class='ocrx_word' id='word_1_23' title='bbox 297 1229 432 1304; x_wconf 72' lang='lat' dir='ltr'>deceptis</span> <span class='ocrx_word' id='word_1_24' title='bbox 453 1246 510 1302; x_wconf 85' lang='lat' dir='ltr'>qua</span> <span class='ocrx_word' id='word_1_25' title='bbox 531 1229 626 1286; x_wconf 83' lang='lat' dir='ltr'>decuit</span> <span class='ocrx_word' id='word_1_26' title='bbox 647 1229 812 1286; x_wconf 88' lang='lat' dir='ltr'>reverentia</span> <span class='ocrx_word' id='word_1_27' title='bbox 826 1227 932 1286; x_wconf 89' lang='lat' dir='ltr'>litteris</span> <span class='ocrx_word' id='word_1_28' title='bbox 948 1243 999 1300; x_wconf 92' lang='lat' dir='ltr'>per</span> <span class='ocrx_word' id='word_1_29' title='bbox 1015 1224 1224 1284; x_wconf 61' lang='lat' dir='ltr'>celsitudinem</span> <span class='ocrx_word' id='word_1_30' title='bbox 1235 1225 1349 1282; x_wconf 82' lang='lat' dir='ltr'><strong>Vestram</strong></span> 
     </span>
    </p>
   </div>
   <div class='ocr_carea' id='block_1_4' title="bbox 119 1329 1349 1407">
    <p class='ocr_par' dir='ltr' id='par_1_7' title="bbox 119 1329 1349 1407">
     <span class='ocr_line' id='line_1_7' title="bbox 119 1329 1349 1407; baseline -0.006 -13"><span class='ocrx_word' id='word_1_31' title='bbox 119 1377 130 1400; x_wconf 42' lang='grc' dir='ltr'>ι</span> <span class='ocrx_word' id='word_1_32' title='bbox 207 1333 254 1393; x_wconf 70' lang='lat' dir='ltr'>,ad</span> <span class='ocrx_word' id='word_1_33' title='bbox 275 1350 320 1392; x_wconf 90' lang='lat' dir='ltr'>mc</span> <span class='ocrx_word' id='word_1_34' title='bbox 341 1334 531 1405; x_wconf 77' lang='lat' dir='ltr'>transurissiS,</span> <span class='ocrx_word' id='word_1_35' title='bbox 559 1333 662 1406; x_wconf 87' lang='lat' dir='ltr'>quibus</span> <span class='ocrx_word' id='word_1_36' title='bbox 684 1334 801 1406; x_wconf 80' lang='lat' dir='ltr'>dignata</span> <span class='ocrx_word' id='word_1_37' title='bbox 822 1341 881 1405; x_wconf 91' lang='lat' dir='ltr'>est,</span> <span class='ocrx_word' id='word_1_38' title='bbox 909 1350 962 1407; x_wconf 86' lang='lat' dir='ltr'>per</span> <span class='ocrx_word' id='word_1_39' title='bbox 982 1347 1026 1390; x_wconf 89' lang='lat' dir='ltr'>me</span> <span class='ocrx_word' id='word_1_40' title='bbox 1048 1333 1156 1391; x_wconf 88' lang='lat' dir='ltr'>certior</span> <span class='ocrx_word' id='word_1_41' title='bbox 1174 1330 1238 1390; x_wconf 85' lang='lat' dir='ltr'>fieri</span> <span class='ocrx_word' id='word_1_42' title='bbox 1258 1329 1292 1389; x_wconf 89' lang='lat' dir='ltr'>de</span> <span class='ocrx_word' id='word_1_43' title='bbox 1310 1345 1349 1400; x_wconf 82' lang='lat' dir='ltr'>ge·</span> 
     </span>
    </p>
   </div>
   <div class='ocr_carea' id='block_1_5' title="bbox 218 1433 1413 3697">
    <p class='ocr_par' dir='ltr' id='par_1_8' title="bbox 218 1433 1413 3697">
     <span class='ocr_line' id='line_1_8' title="bbox 219 1433 1349 1513; baseline -0.007 -15"><span class='ocrx_word' id='word_1_44' title='bbox 219 1455 298 1512; x_wconf 87' lang='lat' dir='ltr'>nere,</span> <span class='ocrx_word' id='word_1_45' title='bbox 320 1438 485 1498; x_wconf 89' lang='lat' dir='ltr'>conditione</span> <span class='ocrx_word' id='word_1_46' title='bbox 507 1447 537 1499; x_wconf 89' lang='lat' dir='ltr'>ct</span> <span class='ocrx_word' id='word_1_47' title='bbox 558 1440 745 1513; x_wconf 88' lang='lat' dir='ltr'>qualitatibus</span> <span class='ocrx_word' id='word_1_48' title='bbox 766 1439 870 1498; x_wconf 91' lang='lat' dir='ltr'>nobilis</span> <span class='ocrx_word' id='word_1_49' title='bbox 891 1440 946 1497; x_wconf 89' lang='lat' dir='ltr'>viri</span> <span class='ocrx_word' id='word_1_50' title='bbox 966 1445 996 1498; x_wconf 89' lang='lat' dir='ltr'>et</span> <span class='ocrx_word' id='word_1_51' title='bbox 1017 1437 1130 1497; x_wconf 88' lang='lat' dir='ltr'>comitis</span> <span class='ocrx_word' id='word_1_52' title='bbox 1150 1433 1349 1496; x_wconf 84' lang='lat' dir='ltr'>JuliiAthsnaci</span> 
     </span>
     <span class='ocr_line' id='line_1_9' title="bbox 218 1539 1349 1618; baseline -0.004 -18"><span class='ocrx_word' id='word_1_53' title='bbox 218 1543 397 1616; x_wconf 75' lang='lat' dir='ltr'>vincemini,</span> <span class='ocrx_word' id='word_1_54' title='bbox 430 1550 462 1601; x_wconf 90' lang='lat' dir='ltr'>ut</span> <span class='ocrx_word' id='word_1_55' title='bbox 482 1543 618 1604; x_wconf 89' lang='lat' dir='ltr'>brevibus</span> <span class='ocrx_word' id='word_1_56' title='bbox 638 1543 821 1604; x_wconf 77' lang='lat' dir='ltr'>satisfaciam.</span> <span class='ocrx_word' id='word_1_57' title='bbox 863 1545 925 1616; x_wconf 81' lang='lat' dir='ltr'>Ego</span> <span class='ocrx_word' id='word_1_58' title='bbox 954 1543 1087 1618; x_wconf 82' lang='lat' dir='ltr'>quidem,</span> <span class='ocrx_word' id='word_1_59' title='bbox 1116 1542 1255 1614; x_wconf 83' lang='lat' dir='ltr'>Princeps</span> <span class='ocrx_word' id='word_1_60' title='bbox 1280 1539 1349 1598; x_wconf 85' lang='lat' dir='ltr'>lncli</span> 
     </span>
     <span class='ocr_line' id='line_1_10' title="bbox 218 1646 1349 1721; baseline -0.002 -17"><span class='ocrx_word' id='word_1_61' title='bbox 218 1647 337 1716; x_wconf 89' lang='lat' dir='ltr'>tissime,</span> <span class='ocrx_word' id='word_1_62' title='bbox 358 1663 426 1705; x_wconf 85' lang='lat' dir='ltr'>vera</span> <span class='ocrx_word' id='word_1_63' title='bbox 448 1647 484 1704; x_wconf 87' lang='lat' dir='ltr'>dc</span> <span class='ocrx_word' id='word_1_64' title='bbox 505 1647 555 1705; x_wconf 91' lang='lat' dir='ltr'>illo</span> <span class='ocrx_word' id='word_1_65' title='bbox 576 1649 708 1707; x_wconf 83' lang='lat' dir='ltr'>attestari</span> <span class='ocrx_word' id='word_1_66' title='bbox 730 1664 853 1721; x_wconf 88' lang='lat' dir='ltr'>possum,</span> <span class='ocrx_word' id='word_1_67' title='bbox 874 1652 976 1718; x_wconf 88' lang='lat' dir='ltr'>utpote</span> <span class='ocrx_word' id='word_1_68' title='bbox 997 1663 1081 1720; x_wconf 88' lang='lat' dir='ltr'>quem</span> <span class='ocrx_word' id='word_1_69' title='bbox 1103 1663 1139 1704; x_wconf 83' lang='lat' dir='ltr'>ex</span> <span class='ocrx_word' id='word_1_70' title='bbox 1164 1646 1275 1705; x_wconf 91' lang='lat' dir='ltr'>diutina</span> <span class='ocrx_word' id='word_1_71' title='bbox 1295 1661 1349 1702; x_wconf 91' lang='lat' dir='ltr'>con·</span> 
     </span>
     <span class='ocr_line' id='line_1_11' title="bbox 219 1747 1350 1828; baseline -0.004 -20"><span class='ocrx_word' id='word_1_72' title='bbox 219 1748 371 1810; x_wconf 89' lang='lat' dir='ltr'>suetudine</span> <span class='ocrx_word' id='word_1_73' title='bbox 391 1750 427 1810; x_wconf 92' lang='lat' dir='ltr'>de</span> <span class='ocrx_word' id='word_1_74' title='bbox 449 1751 537 1824; x_wconf 78' lang='lat' dir='ltr'>facie,</span> <span class='ocrx_word' id='word_1_75' title='bbox 560 1754 701 1822; x_wconf 87' lang='lat' dir='ltr'>moribus,</span> <span class='ocrx_word' id='word_1_76' title='bbox 723 1752 863 1825; x_wconf 81' lang='lat' dir='ltr'>religione</span> <span class='ocrx_word' id='word_1_77' title='bbox 886 1759 916 1810; x_wconf 89' lang='lat' dir='ltr'>et</span> <span class='ocrx_word' id='word_1_78' title='bbox 936 1755 984 1828; x_wconf 75' lang='lat' dir='ltr'>(ut</span> <span class='ocrx_word' id='word_1_79' title='bbox 1004 1752 1060 1812; x_wconf 93' lang='lat' dir='ltr'>dici</span> <span class='ocrx_word' id='word_1_80' title='bbox 1081 1751 1168 1825; x_wconf 87' lang='lat' dir='ltr'>solet)</span> <span class='ocrx_word' id='word_1_81' title='bbox 1190 1752 1267 1809; x_wconf 88' lang='lat' dir='ltr'>intus</span> <span class='ocrx_word' id='word_1_82' title='bbox 1286 1756 1311 1808; x_wconf 88' lang='lat' dir='ltr'>et</span> <span class='ocrx_word' id='word_1_83' title='bbox 1327 1747 1350 1804; x_wconf 92' lang='lat' dir='ltr'>in</span> 
     </span>
     <span class='ocr_line' id='line_1_12' title="bbox 219 1853 1350 1932; baseline -0.004 -17"><span class='ocrx_word' id='word_1_84' title='bbox 219 1864 284 1916; x_wconf 88' lang='lat' dir='ltr'>cute</span> <span class='ocrx_word' id='word_1_85' title='bbox 306 1853 373 1914; x_wconf 84' lang='lat' dir='ltr'>riori</span> <span class='ocrx_word' id='word_1_86' title='bbox 395 1859 632 1932; x_wconf 87' lang='lat' dir='ltr'>exploratumque</span> <span class='ocrx_word' id='word_1_87' title='bbox 653 1857 740 1918; x_wconf 91' lang='lat' dir='ltr'>habui</span> <span class='ocrx_word' id='word_1_88' title='bbox 761 1860 853 1916; x_wconf 90' lang='lat' dir='ltr'>virum</span> <span class='ocrx_word' id='word_1_89' title='bbox 875 1863 953 1916; x_wconf 89' lang='lat' dir='ltr'>certe</span> <span class='ocrx_word' id='word_1_90' title='bbox 974 1859 1068 1930; x_wconf 89' lang='lat' dir='ltr'>pium,</span> <span class='ocrx_word' id='word_1_91' title='bbox 1099 1855 1221 1929; x_wconf 91' lang='lat' dir='ltr'>probum</span> <span class='ocrx_word' id='word_1_92' title='bbox 1249 1861 1277 1913; x_wconf 86' lang='lat' dir='ltr'>et</span> <span class='ocrx_word' id='word_1_93' title='bbox 1296 1868 1350 1912; x_wconf 87' lang='lat' dir='ltr'>uere</span> 
     </span>
     <span class='ocr_line' id='line_1_13' title="bbox 219 1960 1350 2036; baseline -0.003 -18"><span class='ocrx_word' id='word_1_94' title='bbox 219 1960 417 2033; x_wconf 80' lang='lat' dir='ltr'>christianum,</span> <span class='ocrx_word' id='word_1_95' title='bbox 439 1965 487 2036; x_wconf 83' lang='lat' dir='ltr'>qui</span> <span class='ocrx_word' id='word_1_96' title='bbox 508 1981 560 2036; x_wconf 91' lang='lat' dir='ltr'>pro</span> <span class='ocrx_word' id='word_1_97' title='bbox 582 1964 749 2036; x_wconf 83' lang='lat' dir='ltr'>evangelica</span> <span class='ocrx_word' id='word_1_98' title='bbox 769 1963 892 2022; x_wconf 86' lang='lat' dir='ltr'>ueritate</span> <span class='ocrx_word' id='word_1_99' title='bbox 914 1963 1003 2021; x_wconf 89' lang='lat' dir='ltr'>multa</span> <span class='ocrx_word' id='word_1_100' title='bbox 1023 1963 1152 2035; x_wconf 87' lang='lat' dir='ltr'>pertulit,</span> <span class='ocrx_word' id='word_1_101' title='bbox 1175 1961 1297 2020; x_wconf 90' lang='lat' dir='ltr'>nobilem</span> <span class='ocrx_word' id='word_1_102' title='bbox 1313 1975 1350 2032; x_wconf 81' lang='lat' dir='ltr'>ge-</span> 
     </span>
     <span class='ocr_line' id='line_1_14' title="bbox 220 2065 1351 2140; baseline -0.004 -14"><span class='ocrx_word' id='word_1_103' title='bbox 220 2083 289 2126; x_wconf 90' lang='lat' dir='ltr'>ncre</span> <span class='ocrx_word' id='word_1_104' title='bbox 312 2071 341 2125; x_wconf 90' lang='lat' dir='ltr'>ct</span> <span class='ocrx_word' id='word_1_105' title='bbox 366 2067 476 2137; x_wconf 88' lang='lat' dir='ltr'>animo,</span> <span class='ocrx_word' id='word_1_106' title='bbox 505 2086 540 2125; x_wconf 87' lang='lat' dir='ltr'>cx</span> <span class='ocrx_word' id='word_1_107' title='bbox 558 2068 698 2140; x_wconf 86' lang='lat' dir='ltr'>praeclara</span> <span class='ocrx_word' id='word_1_108' title='bbox 718 2067 925 2126; x_wconf 84' lang='lat' dir='ltr'>Athenasorum</span> <span class='ocrx_word' id='word_1_109' title='bbox 946 2065 1062 2140; x_wconf 89' lang='lat' dir='ltr'>familia,</span> <span class='ocrx_word' id='word_1_110' title='bbox 1084 2070 1161 2127; x_wconf 85' lang='lat' dir='ltr'>inter</span> <span class='ocrx_word' id='word_1_111' title='bbox 1181 2067 1351 2127; x_wconf 82' lang='lat' dir='ltr'>Vincentinas</span> 
     </span>
     <span class='ocr_line' id='line_1_15' title="bbox 219 2171 1351 2248; baseline -0.004 -17"><span class='ocrx_word' id='word_1_112' title='bbox 219 2173 381 2246; x_wconf 85' lang='lat' dir='ltr'>praecipua,</span> <span class='ocrx_word' id='word_1_113' title='bbox 402 2173 569 2243; x_wconf 90' lang='lat' dir='ltr'>oriundum,</span> <span class='ocrx_word' id='word_1_114' title='bbox 592 2175 794 2234; x_wconf 86' lang='lat' dir='ltr'>honestissima</span> <span class='ocrx_word' id='word_1_115' title='bbox 814 2175 936 2246; x_wconf 79' lang='lat' dir='ltr'>coniuge</span> <span class='ocrx_word' id='word_1_116' title='bbox 957 2175 1048 2248; x_wconf 82' lang='lat' dir='ltr'>(nunc</span> <span class='ocrx_word' id='word_1_117' title='bbox 1068 2189 1160 2230; x_wconf 89' lang='lat' dir='ltr'>annus</span> <span class='ocrx_word' id='word_1_118' title='bbox 1182 2171 1289 2248; x_wconf 78' lang='lat' dir='ltr'>agitur)</span> <span class='ocrx_word' id='word_1_119' title='bbox 1307 2187 1351 2228; x_wconf 92' lang='lat' dir='ltr'>uon</span> 
     </span>
     <span class='ocr_line' id='line_1_16' title="bbox 219 2275 1413 2352; baseline -0.004 -16"><span class='ocrx_word' id='word_1_120' title='bbox 219 2277 280 2336; x_wconf 85' lang='lat' dir='ltr'>sinc</span> <span class='ocrx_word' id='word_1_121' title='bbox 302 2278 383 2348; x_wconf 80' lang='lat' dir='ltr'>grani</span> <span class='ocrx_word' id='word_1_122' title='bbox 405 2278 494 2337; x_wconf 90' lang='lat' dir='ltr'>totius</span> <span class='ocrx_word' id='word_1_123' title='bbox 515 2295 574 2336; x_wconf 84' lang='lat' dir='ltr'>suae</span> <span class='ocrx_word' id='word_1_124' title='bbox 597 2277 712 2338; x_wconf 82' lang='lat' dir='ltr'>familiae</span> <span class='ocrx_word' id='word_1_125' title='bbox 731 2281 847 2352; x_wconf 90' lang='lat' dir='ltr'>jactura</span> <span class='ocrx_word' id='word_1_126' title='bbox 867 2279 931 2337; x_wconf 89' lang='lat' dir='ltr'>Deo</span> <span class='ocrx_word' id='word_1_127' title='bbox 952 2278 992 2337; x_wconf 93' lang='lat' dir='ltr'>sic</span> <span class='ocrx_word' id='word_1_128' title='bbox 1012 2279 1126 2338; x_wconf 86' lang='lat' dir='ltr'>volenta</span> <span class='ocrx_word' id='word_1_129' title='bbox 1147 2279 1298 2350; x_wconf 84' lang='lat' dir='ltr'>privatum.</span> <span class='ocrx_word' id='word_1_130' title='bbox 1331 2275 1351 2332; x_wconf 87' lang='lat' dir='ltr'>Is</span> <span class='ocrx_word' id='word_1_131' title='bbox 1410 2280 1413 2291; x_wconf 63' lang='lat'><em>²</em></span> 
     </span>
     <span class='ocr_line' id='line_1_17' title="bbox 218 2381 1350 2460; baseline -0.006 -18"><span class='ocrx_word' id='word_1_132' title='bbox 218 2399 287 2442; x_wconf 81' lang='lat' dir='ltr'>uero</span> <span class='ocrx_word' id='word_1_133' title='bbox 308 2381 356 2458; x_wconf 85' lang='lat' dir='ltr'>(ut</span> <span class='ocrx_word' id='word_1_134' title='bbox 377 2400 412 2442; x_wconf 88' lang='lat' dir='ltr'>ex</span> <span class='ocrx_word' id='word_1_135' title='bbox 433 2384 503 2455; x_wconf 91' lang='lat' dir='ltr'>ipso,</span> <span class='ocrx_word' id='word_1_136' title='bbox 526 2400 588 2440; x_wconf 86' lang='lat' dir='ltr'>curn</span> <span class='ocrx_word' id='word_1_137' title='bbox 610 2399 667 2441; x_wconf 89' lang='lat' dir='ltr'>uua</span> <span class='ocrx_word' id='word_1_138' title='bbox 688 2383 791 2442; x_wconf 87' lang='lat' dir='ltr'>Patavi</span> <span class='ocrx_word' id='word_1_139' title='bbox 813 2399 948 2454; x_wconf 80' lang='lat' dir='ltr'>essemus,</span> <span class='ocrx_word' id='word_1_140' title='bbox 971 2398 1100 2457; x_wconf 82' lang='lat' dir='ltr'>persaepe</span> <span class='ocrx_word' id='word_1_141' title='bbox 1122 2382 1234 2460; x_wconf 74' lang='lat' dir='ltr'>andini)</span> <span class='ocrx_word' id='word_1_142' title='bbox 1256 2395 1350 2454; x_wconf 88' lang='lat' dir='ltr'>semper</span> 
     </span>
     <span class='ocr_line' id='line_1_18' title="bbox 219 2486 1351 2560; baseline -0.005 -14"><span class='ocrx_word' id='word_1_143' title='bbox 219 2490 248 2546; x_wconf 92' lang='lat' dir='ltr'>iu</span> <span class='ocrx_word' id='word_1_144' title='bbox 269 2489 364 2546; x_wconf 86' lang='lat' dir='ltr'>auimo</span> <span class='ocrx_word' id='word_1_145' title='bbox 386 2487 494 2558; x_wconf 83' lang='lat' dir='ltr'>habuit,</span> <span class='ocrx_word' id='word_1_146' title='bbox 516 2487 629 2546; x_wconf 86' lang='lat' dir='ltr'>ltaliam</span> <span class='ocrx_word' id='word_1_147' title='bbox 650 2486 858 2560; x_wconf 85' lang='lat' dir='ltr'>superstitiosis</span> <span class='ocrx_word' id='word_1_148' title='bbox 879 2486 1016 2560; x_wconf 91' lang='lat' dir='ltr'>periculis</span> <span class='ocrx_word' id='word_1_149' title='bbox 1044 2488 1158 2558; x_wconf 89' lang='lat' dir='ltr'>plenam</span> <span class='ocrx_word' id='word_1_150' title='bbox 1186 2502 1301 2560; x_wconf 90' lang='lat' dir='ltr'>prorsus</span> <span class='ocrx_word' id='word_1_151' title='bbox 1318 2500 1351 2541; x_wconf 89' lang='lat' dir='ltr'>re·</span> 
     </span>
     <span class='ocr_line' id='line_1_19' title="bbox 218 2590 1351 2666; baseline -0.004 -16"><span class='ocrx_word' id='word_1_152' title='bbox 218 2591 350 2666; x_wconf 75' lang='lat' dir='ltr'>linquere</span> <span class='ocrx_word' id='word_1_153' title='bbox 372 2597 401 2650; x_wconf 91' lang='lat' dir='ltr'>et</span> <span class='ocrx_word' id='word_1_154' title='bbox 422 2593 449 2650; x_wconf 93' lang='lat' dir='ltr'>in</span> <span class='ocrx_word' id='word_1_155' title='bbox 470 2592 528 2650; x_wconf 89' lang='lat' dir='ltr'>alia</span> <span class='ocrx_word' id='word_1_156' title='bbox 549 2593 620 2662; x_wconf 88' lang='lat' dir='ltr'>loca,</span> <span class='ocrx_word' id='word_1_157' title='bbox 635 2609 733 2651; x_wconf 83' lang='lat' dir='ltr'>veram</span> <span class='ocrx_word' id='word_1_158' title='bbox 747 2593 915 2665; x_wconf 83' lang='lat' dir='ltr'>religionem</span> <span class='ocrx_word' id='word_1_159' title='bbox 931 2593 1114 2666; x_wconf 88' lang='lat' dir='ltr'>aepletatem</span> <span class='ocrx_word' id='word_1_160' title='bbox 1135 2590 1272 2662; x_wconf 81' lang='lat' dir='ltr'>foventia,</span> <span class='ocrx_word' id='word_1_161' title='bbox 1293 2606 1351 2648; x_wconf 90' lang='lat' dir='ltr'>con-</span> 
     </span>
     <span class='ocr_line' id='line_1_20' title="bbox 218 2695 1351 2770; baseline -0.004 -16"><span class='ocrx_word' id='word_1_162' title='bbox 218 2697 353 2770; x_wconf 79' lang='lat' dir='ltr'>migrarc.</span> <span class='ocrx_word' id='word_1_163' title='bbox 384 2696 481 2769; x_wconf 83' lang='lat' dir='ltr'>Atque</span> <span class='ocrx_word' id='word_1_164' title='bbox 502 2696 569 2754; x_wconf 92' lang='lat' dir='ltr'>iude</span> <span class='ocrx_word' id='word_1_165' title='bbox 592 2695 724 2755; x_wconf 83' lang='lat' dir='ltr'>eflectum</span> <span class='ocrx_word' id='word_1_166' title='bbox 747 2701 827 2768; x_wconf 89' lang='lat' dir='ltr'>puto,</span> <span class='ocrx_word' id='word_1_167' title='bbox 849 2703 881 2755; x_wconf 92' lang='lat' dir='ltr'>ut</span> <span class='ocrx_word' id='word_1_168' title='bbox 904 2695 1074 2756; x_wconf 85' lang='lat' dir='ltr'>Celsitudiui</span> <span class='ocrx_word' id='word_1_169' title='bbox 1090 2696 1204 2755; x_wconf 84' lang='lat' dir='ltr'>Vestrae</span> <span class='ocrx_word' id='word_1_170' title='bbox 1225 2695 1351 2770; x_wconf 87' lang='lat' dir='ltr'>supplices</span> 
     </span>
     <span class='ocr_line' id='line_1_21' title="bbox 220 2799 1351 2875; baseline 0 -18"><span class='ocrx_word' id='word_1_171' title='bbox 220 2800 332 2859; x_wconf 89' lang='lat' dir='ltr'>libellos</span> <span class='ocrx_word' id='word_1_172' title='bbox 353 2799 477 2871; x_wconf 86' lang='lat' dir='ltr'>dederit,</span> <span class='ocrx_word' id='word_1_173' title='bbox 501 2801 603 2872; x_wconf 83' lang='lat' dir='ltr'>quibus</span> <span class='ocrx_word' id='word_1_174' title='bbox 624 2819 676 2874; x_wconf 90' lang='lat' dir='ltr'>pro</span> <span class='ocrx_word' id='word_1_175' title='bbox 698 2803 796 2860; x_wconf 87' lang='lat' dir='ltr'>innata</span> <span class='ocrx_word' id='word_1_176' title='bbox 819 2804 881 2874; x_wconf 80' lang='lat' dir='ltr'>cJus</span> <span class='ocrx_word' id='word_1_177' title='bbox 903 2802 1056 2860; x_wconf 86' lang='lat' dir='ltr'>clementia</span> <span class='ocrx_word' id='word_1_178' title='bbox 1075 2818 1106 2859; x_wconf 89' lang='lat' dir='ltr'>se</span> <span class='ocrx_word' id='word_1_179' title='bbox 1126 2800 1212 2860; x_wconf 81' lang='lat' dir='ltr'>facile</span> <span class='ocrx_word' id='word_1_180' title='bbox 1233 2801 1351 2875; x_wconf 87' lang='lat' dir='ltr'>impetra·</span> 
     </span>
     <span class='ocr_line' id='line_1_22' title="bbox 220 2904 1349 2975; baseline -0.004 -11"><span class='ocrx_word' id='word_1_181' title='bbox 220 2911 316 2966; x_wconf 89' lang='lat' dir='ltr'>turum</span> <span class='ocrx_word' id='word_1_182' title='bbox 337 2905 462 2975; x_wconf 88' lang='lat' dir='ltr'>confidit,</span> <span class='ocrx_word' id='word_1_183' title='bbox 484 2908 565 2965; x_wconf 89' lang='lat' dir='ltr'>utin</span> <span class='ocrx_word' id='word_1_184' title='bbox 587 2906 697 2967; x_wconf 91' lang='lat' dir='ltr'>ditione</span> <span class='ocrx_word' id='word_1_185' title='bbox 719 2925 770 2966; x_wconf 89' lang='lat' dir='ltr'>sua</span> <span class='ocrx_word' id='word_1_186' title='bbox 791 2908 878 2967; x_wconf 90' lang='lat' dir='ltr'>liceat</span> <span class='ocrx_word' id='word_1_187' title='bbox 899 2907 993 2966; x_wconf 86' lang='lat' dir='ltr'>cidem</span> <span class='ocrx_word' id='word_1_188' title='bbox 1014 2923 1078 2965; x_wconf 89' lang='lat' dir='ltr'>cum</span> <span class='ocrx_word' id='word_1_189' title='bbox 1099 2904 1210 2964; x_wconf 86' lang='lat' dir='ltr'>familia</span> <span class='ocrx_word' id='word_1_190' title='bbox 1230 2922 1280 2964; x_wconf 86' lang='lat' dir='ltr'>sua</span> <span class='ocrx_word' id='word_1_191' title='bbox 1300 2908 1349 2964; x_wconf 86' lang='lat' dir='ltr'>tutu</span> 
     </span>
     <span class='ocr_line' id='line_1_23' title="bbox 219 3010 1352 3084; baseline -0.005 -14"><span class='ocrx_word' id='word_1_192' title='bbox 219 3012 398 3070; x_wconf 88' lang='lat' dir='ltr'>commorari.</span> <span class='ocrx_word' id='word_1_193' title='bbox 439 3010 503 3084; x_wconf 82' lang='lat' dir='ltr'>Ego</span> <span class='ocrx_word' id='word_1_194' title='bbox 525 3027 607 3082; x_wconf 88' lang='lat' dir='ltr'>vero,</span> <span class='ocrx_word' id='word_1_195' title='bbox 639 3017 670 3069; x_wconf 88' lang='lat' dir='ltr'>ut</span> <span class='ocrx_word' id='word_1_196' title='bbox 697 3011 727 3068; x_wconf 93' lang='lat' dir='ltr'>id</span> <span class='ocrx_word' id='word_1_197' title='bbox 755 3012 782 3069; x_wconf 90' lang='lat' dir='ltr'>ei</span> <span class='ocrx_word' id='word_1_198' title='bbox 803 3011 929 3071; x_wconf 88' lang='lat' dir='ltr'>feliciter</span> <span class='ocrx_word' id='word_1_199' title='bbox 950 3018 980 3070; x_wconf 89' lang='lat' dir='ltr'>et</span> <span class='ocrx_word' id='word_1_200' title='bbox 1000 3027 1051 3083; x_wconf 89' lang='lat' dir='ltr'>pro</span> <span class='ocrx_word' id='word_1_201' title='bbox 1073 3016 1140 3069; x_wconf 85' lang='lat' dir='ltr'>voto</span> <span class='ocrx_word' id='word_1_202' title='bbox 1162 3011 1307 3081; x_wconf 88' lang='lat' dir='ltr'>succedat,</span> <span class='ocrx_word' id='word_1_203' title='bbox 1330 3013 1352 3064; x_wconf 85' lang='lat' dir='ltr'>et</span> 
     </span>
     <span class='ocr_line' id='line_1_24' title="bbox 220 3111 1351 3188; baseline 0 -18"><span class='ocrx_word' id='word_1_204' title='bbox 220 3113 313 3172; x_wconf 89' lang='lat' dir='ltr'>Deum</span> <span class='ocrx_word' id='word_1_205' title='bbox 333 3112 473 3186; x_wconf 87' lang='lat' dir='ltr'>imprimis</span> <span class='ocrx_word' id='word_1_206' title='bbox 494 3118 523 3171; x_wconf 93' lang='lat' dir='ltr'>et</span> <span class='ocrx_word' id='word_1_207' title='bbox 544 3112 752 3171; x_wconf 83' lang='lat' dir='ltr'>Celsitudiuem</span> <span class='ocrx_word' id='word_1_208' title='bbox 771 3113 904 3174; x_wconf 90' lang='lat' dir='ltr'>Vestram</span> <span class='ocrx_word' id='word_1_209' title='bbox 925 3114 1093 3188; x_wconf 90' lang='lat' dir='ltr'>suppliciter</span> <span class='ocrx_word' id='word_1_210' title='bbox 1112 3131 1194 3188; x_wconf 82' lang='lat' dir='ltr'>rogo,</span> <span class='ocrx_word' id='word_1_211' title='bbox 1216 3132 1297 3188; x_wconf 85' lang='lat' dir='ltr'>quarn</span> <span class='ocrx_word' id='word_1_212' title='bbox 1313 3111 1351 3170; x_wconf 83' lang='lat' dir='ltr'>al-</span> 
     </span>
     <span class='ocr_line' id='line_1_25' title="bbox 219 3216 775 3288; baseline 0 -12"><span class='ocrx_word' id='word_1_213' title='bbox 219 3216 345 3276; x_wconf 86' lang='lat' dir='ltr'>tissimus</span> <span class='ocrx_word' id='word_1_214' title='bbox 365 3223 471 3288; x_wconf 81' lang='lat' dir='ltr'>augeat</span> <span class='ocrx_word' id='word_1_215' title='bbox 492 3223 522 3274; x_wconf 87' lang='lat' dir='ltr'>et</span> <span class='ocrx_word' id='word_1_216' title='bbox 542 3224 701 3276; x_wconf 88' lang='lat' dir='ltr'>conservet.</span> <span class='ocrx_word' id='word_1_217' title='bbox 772 3235 775 3246; x_wconf 69' lang='lat'><strong>¹</strong></span> 
     </span>
     <span class='ocr_line' id='line_1_26' title="bbox 299 3319 1351 3397; baseline -0.002 -19"><span class='ocrx_word' id='word_1_218' title='bbox 299 3320 345 3378; x_wconf 88' lang='lat' dir='ltr'>Ex</span> <span class='ocrx_word' id='word_1_219' title='bbox 365 3320 522 3380; x_wconf 88' lang='lat' dir='ltr'>Baohena¹</span> <span class='ocrx_word' id='word_1_220' title='bbox 543 3321 655 3380; x_wconf 82' lang='lat' dir='ltr'>XXVII</span> <span class='ocrx_word' id='word_1_221' title='bbox 676 3321 847 3381; x_wconf 82' lang='lat' dir='ltr'>Nouembris</span> <span class='ocrx_word' id='word_1_222' title='bbox 881 3323 965 3381; x_wconf 88' lang='grc'><strong>1555.</strong></span> <span class='ocrx_word' id='word_1_223' title='bbox 1013 3323 1154 3397; x_wconf 79' lang='lat' dir='ltr'>Ejusdem</span> <span class='ocrx_word' id='word_1_224' title='bbox 1185 3319 1351 3385; x_wconf 77' lang='lat' dir='ltr'>celsitudinis</span> 
     </span>
     <span class='ocr_line' id='line_1_27' title="bbox 221 3425 593 3485; baseline 0 -3"><span class='ocrx_word' id='word_1_225' title='bbox 221 3425 333 3485; x_wconf 81' lang='lat' dir='ltr'>Vestras</span> <span class='ocrx_word' id='word_1_226' title='bbox 590 3437 593 3444; x_wconf 89' lang='grc'><strong>’</strong></span> 
     </span>
     <span class='ocr_line' id='line_1_28' title="bbox 883 3531 1288 3607; baseline 0.002 -18"><span class='ocrx_word' id='word_1_227' title='bbox 883 3531 1092 3592; x_wconf 89' lang='lat' dir='ltr'>deditissimum</span> <span class='ocrx_word' id='word_1_228' title='bbox 1119 3535 1288 3607; x_wconf 88' lang='lat' dir='ltr'>mancipium</span> 
     </span>
     <span class='ocr_line' id='line_1_29' title="bbox 920 3635 1260 3697; baseline 0.006 -3"><span class='ocrx_word' id='word_1_229' title='bbox 920 3637 1077 3697; x_wconf 81' lang='lat' dir='ltr'>Matthaeus</span> <span class='ocrx_word' id='word_1_230' title='bbox 1097 3635 1260 3696; x_wconf 86' lang='lat' dir='ltr'>Gribaldus.</span> 
     </span>
    </p>
   </div>
   <div class='ocr_carea' id='block_1_6' title="bbox 770 3901 816 3956">
    <p class='ocr_par' dir='ltr' id='par_1_9' title="bbox 770 3901 816 3956">
     <span class='ocr_line' id='line_1_30' title="bbox 770 3901 816 3956; baseline 0 -1"><span class='ocrx_word' id='word_1_231' title='bbox 770 3901 816 3956; x_wconf 79' lang='lat'>40.</span> 
     </span>
    </p>
   </div>
   <div class='ocr_carea' id='block_1_7' title="bbox 410 4018 1176 4106">
    <p class='ocr_par' dir='ltr' id='par_1_10' title="bbox 410 4018 1176 4106">
     <span class='ocr_line' id='line_1_31' title="bbox 410 4018 1176 4106; baseline 0.001 -23"><span class='ocrx_word' id='word_1_232' title='bbox 410 4018 469 4084; x_wconf 88' lang='lat' dir='ltr'>Die</span> <span class='ocrx_word' id='word_1_233' title='bbox 493 4020 558 4084; x_wconf 88' lang='lat' dir='ltr'>vier</span> <span class='ocrx_word' id='word_1_234' title='bbox 581 4019 674 4085; x_wconf 79' lang='lat' dir='ltr'>riiihe</span> <span class='ocrx_word' id='word_1_235' title='bbox 698 4043 740 4086; x_wconf 85' lang='lat' dir='ltr'>an</span> <span class='ocrx_word' id='word_1_236' title='bbox 763 4020 825 4085; x_wconf 90' lang='lat' dir='ltr'>den</span> <span class='ocrx_word' id='word_1_237' title='bbox 847 4021 967 4106; x_wconf 81' lang='lat' dir='ltr'>herzog</span> <span class='ocrx_word' id='word_1_238' title='bbox 990 4019 1176 4105; x_wconf 77' lang='lat' dir='ltr'>Chrisioph.</span> 
     </span>
    </p>
   </div>
   <div class='ocr_carea' id='block_1_8' title="bbox 557 4135 1029 4206">
    <p class='ocr_par' dir='ltr' id='par_1_11' title="bbox 557 4135 1029 4206">
     <span class='ocr_line' id='line_1_32' title="bbox 557 4135 1029 4206; baseline -0.002 -13"><span class='ocrx_word' id='word_1_239' title='bbox 557 4135 703 4206; x_wconf 77' lang='lat' dir='ltr'>stuttgart</span> <span class='ocrx_word' id='word_1_240' title='bbox 723 4139 740 4192; x_wconf 81' lang='lat'>2</span> <span class='ocrx_word' id='word_1_241' title='bbox 763 4135 923 4195; x_wconf 86' lang='lat' dir='ltr'>December</span> <span class='ocrx_word' id='word_1_242' title='bbox 947 4135 1029 4194; x_wconf 84' lang='grc'><strong>1555.</strong></span> 
     </span>
    </p>
   </div>
   <div class='ocr_carea' id='block_1_9' title="bbox 291 4233 1345 4386">
    <p class='ocr_par' dir='ltr' id='par_1_12' title="bbox 291 4233 1345 4386">
     <span class='ocr_line' id='line_1_33' title="bbox 291 4233 1345 4310; baseline -0.001 -24"><span class='ocrx_word' id='word_1_243' title='bbox 291 4233 355 4290; x_wconf 81' lang='lat' dir='ltr'>ihre</span> <span class='ocrx_word' id='word_1_244' title='bbox 379 4235 488 4291; x_wconf 87' lang='lat' dir='ltr'>ansicht</span> <span class='ocrx_word' id='word_1_245' title='bbox 514 4236 583 4292; x_wconf 79' lang='lat' dir='ltr'>tiber</span> <span class='ocrx_word' id='word_1_246' title='bbox 611 4237 657 4294; x_wconf 87' lang='lat' dir='ltr'>die</span> <span class='ocrx_word' id='word_1_247' title='bbox 681 4238 797 4294; x_wconf 88' lang='lat' dir='ltr'>vorreda</span> <span class='ocrx_word' id='word_1_248' title='bbox 817 4237 936 4310; x_wconf 81' lang='lat' dir='ltr'>Vergsrs</span> <span class='ocrx_word' id='word_1_249' title='bbox 961 4255 993 4292; x_wconf 85' lang='lat' dir='ltr'>zu</span> <span class='ocrx_word' id='word_1_250' title='bbox 1019 4237 1083 4294; x_wconf 89' lang='lat' dir='ltr'>dem</span> <span class='ocrx_word' id='word_1_251' title='bbox 1109 4237 1184 4294; x_wconf 88' lang='lat' dir='ltr'>buch</span> <span class='ocrx_word' id='word_1_252' title='bbox 1207 4255 1258 4294; x_wconf 86' lang='lat' dir='ltr'>von</span> <span class='ocrx_word' id='word_1_253' title='bbox 1274 4235 1345 4290; x_wconf 86' lang='lat' dir='ltr'>Bram</span> 
     </span>
     <span class='ocr_line' id='line_1_34' title="bbox 786 4349 804 4386; baseline 0 0"><span class='ocrx_word' id='word_1_254' title='bbox 786 4349 804 4386; x_wconf 74' lang='lat' dir='ltr'>a</span> 
     </span>
    </p>
   </div>
   <div class='ocr_carea' id='block_1_10' title="bbox 294 4443 1229 4518">
    <p class='ocr_par' dir='ltr' id='par_1_13' title="bbox 294 4443 1229 4518">
     <span class='ocr_line' id='line_1_35' title="bbox 294 4443 1229 4518; baseline 0.001 -19"><span class='ocrx_word' id='word_1_255' title='bbox 294 4445 307 4499; x_wconf 94' lang='lat'>1</span> <span class='ocrx_word' id='word_1_256' title='bbox 326 4443 503 4517; x_wconf 72' lang='lat' dir='ltr'>Bachnang?</span> <span class='ocrx_word' id='word_1_257' title='bbox 523 4443 567 4500; x_wconf 87' lang='lat' dir='ltr'>die</span> <span class='ocrx_word' id='word_1_258' title='bbox 587 4445 755 4502; x_wconf 73' lang='lat' dir='ltr'>universiitt</span> <span class='ocrx_word' id='word_1_259' title='bbox 771 4463 830 4502; x_wconf 85' lang='lat' dir='ltr'>war</span> <span class='ocrx_word' id='word_1_260' title='bbox 848 4464 946 4517; x_wconf 81' lang='lat' dir='ltr'>wagan</span> <span class='ocrx_word' id='word_1_261' title='bbox 965 4448 1015 4502; x_wconf 84' lang='lat' dir='ltr'>der</span> <span class='ocrx_word' id='word_1_262' title='bbox 1033 4448 1095 4518; x_wconf 85' lang='lat' dir='ltr'>pest</span> <span class='ocrx_word' id='word_1_263' title='bbox 1113 4447 1229 4518; x_wconf 77' lang='lat' dir='ltr'>veriegt.</span> 
     </span>
    </p>
   </div>
   <div class='ocr_carea' id='block_1_11' title="bbox 0 0 1432 5076">
    <p class='ocr_par' dir='ltr' id='par_1_14' title="bbox 0 0 1432 5076">
     <span class='ocr_line' id='line_1_36' title="bbox 0 0 1432 5076; baseline 0 0"><span class='ocrx_word' id='word_1_264' title='bbox 0 0 1432 5076; x_wconf 95' lang='lat' dir='ltr'> </span> 
     </span>
    </p>
   </div>
  </div>
 </body>
</html>
