2862 5080
65 413 128 469 1562
603 418 665 478 357

136 588 170 646 In
192 587 301 647 eisdem
323 585 510 647 Celsitudinis
532 589 644 646 Vastrae
665 587 869 646 illustrissimae
890 585 996 645 litteris
1017 593 1081 646 erat
1100 589 1209 646 mentio

63 693 95 752 de
115 697 236 767 pastore
258 692 286 749 in
299 691 413 751 Lusnao
434 693 463 750 in
485 709 630 754 carcerem
647 693 787 765 conjecto,
810 698 840 750 et
856 690 931 766 quod
943 691 1209 750 Celsitudo'Vestra

60 795 165 867 nollet,
187 777 391 868 aspergerent
414 796 560 870 quippiam
582 797 618 854 de
640 795 758 854 doctore
780 794 945 854 Scalichio²
965 797 1100 854 scribere.
1142 793 1207 854 Non

61 905 101 958 est
123 900 252 970 dubium,
275 901 342 972 quin
364 897 415 956 illa
435 899 525 971 possit
540 913 648 956 mecum
665 899 768 968 omnia,
790 901 901 955 tantum
922 905 999 972 peto,
1021 903 1053 955 ιιι
1073 898 1209 970 dignetur

59 1022 149 1064 meam
170 1005 387 1064 instructionem
410 1003 523 1076 legere,
554 1019 637 1076 quarn
658 1003 703 1061 vel
723 1004 834 1062 mittam
855 1002 900 1062 vel
921 1000 1052 1070 afferam
1073 1005 1144 1062 sciat
1164 1004 1207 1061 in·

62 1117 149 1182 terea,
173 1109 382 1168 commissarios
404 1109 554 1180 delegatos
575 1105 756 1180 magnificum
777 1107 803 1165 d.
823 1106 1066 1190 Gbiltlingberum
1088 1115 1117 1166 et
1137 1109 1208 1168 alios

60 1217 177 1288 scripto,
198 1213 274 1287 qnod
295 1229 383 1285 penes
404 1230 449 1271 me
472 1211 572 1284 babeo,
596 1211 783 1271 disertissime
805 1227 884 1270 suam
907 1211 1069 1271 declarasse
1092 1215 1206 1272 nomina

59 1319 266 1379 illustrissimae
288 1315 474 1376 Celsitudinis
498 1315 607 1374 Vestrae
629 1316 817 1386 sententiam,
850 1323 880 1374 ιιι
901 1314 1013 1374 scilicet
1033 1315 1120 1374 liceat
1139 1315 1207 1374 mihi

59 1423 92 1480 de
114 1421 210 1480 titulis
231 1421 308 1478 illius
328 1419 451 1477 hominis
471 1417 607 1484 scribere,
630 1435 693 1492 qnae
718 1417 849 1486 voluero,
878 1419 962 1478 modo
984 1425 1049 1478 utar
1069 1419 1207 1480 modestis

58 1527 161 1586 uerbis.
204 1525 233 1584 Si
255 1541 323 1584 vero
345 1523 493 1582 Celsitndo
516 1523 619 1580 Vestra
639 1522 837 1581 illustrissima
858 1523 982 1582 voluerit
1009 1524 1039 1582 id
1059 1540 1206 1598 revocare,

57 1649 108 1704 per
129 1647 177 1688 me
201 1646 257 1687 non
279 1629 387 1696 deerit,
419 1628 485 1702 quin
512 1627 658 1698 obediam3
690 1627 807 1686 mandet
829 1628 927 1699 niodo,
957 1646 1021 1688 nam
1044 1631 1206 1690 exonerabo

58 1750 151 1793 meam
174 1734 387 1792 conscientiam.
429 1733 487 1790 Sed
508 1733 622 1790 interim
644 1732 672 1790 id
701 1732 850 1790 dumtaxat
877 1739 963 1815 peto,
998 1739 1030 1792 nt
1056 1735 1207 1796 instructio

56 1855 119 1896 maa
144 1836 344 1911 expendatur,
377 1843 407 1894 et
435 1837 519 1895 simul
544 1836 686 1910 quomodo
715 1853 744 1894 se
772 1837 802 1894 in
830 1838 897 1906 aula
918 1837 1106 1896 illustrissimi
1127 1839 1206 1900 ducis

56 1941 184 2001 Prussiae
209 1946 293 2012 gerat
315 1939 415 1998 doctor
436 1939 607 2009 Scalichins;
639 1941 753 2012 scripsit
777 1942 851 1999 enim
880 1948 980 2000 contra
1006 1942 1206 2002 illustrissima

59 2063 116 2105 suae
140 2044 320 2104 celsitudinis
342 2043 482 2102 medicum
503 2044 804 2104 maledicentissimum
826 2044 969 2118 libellum,
991 2064 1074 2120 quem
1096 2050 1207 2107 curavit

56 2147 294 2224 imprimeudum
324 2147 428 2206 deinde
450 2164 549 2206 omnes
569 2165 664 2216 meos,
692 2147 832 2221 imprimis
859 2166 930 2222 qnos
956 2151 1017 2210 illic
1042 2149 1134 2210 habeo
1156 2169 1205 2211 ne·

56 2261 150 2327 polee,
172 2253 376 2326 superbissime
397 2253 544 2328 (quantum
567 2255 595 2311 in
617 2270 647 2311 se
663 2253 718 2329 est)
737 2253 891 2324 conculcat,
913 2261 943 2313 et
956 2254 1122 2329 magnificus
1135 2255 1205 2314 baro

28 2349 32 2358 '
55 2361 81 2416 d.
103 2357 294 2431 ngnadias,
316 2373 399 2430 quem
421 2359 479 2416 scio
501 2373 563 2416 esse
586 2359 649 2430 ejus
670 2364 880 2432 promotorem,
906 2359 962 2418 ista
983 2377 1040 2420 non
1060 2361 1121 2420 vult
1142 2378 1203 2421 cre-

54 2464 135 2522 dere.
184 2461 300 2521 Snmma
324 2479 513 2534 summarum,
545 2463 569 2520 si
595 2463 699 2520 Vestra
725 2463 874 2522 Celsitndo
902 2463 1068 2535 dignabitur
1094 2467 1203 2540 legere,

54 2586 118 2642 quae
141 2568 253 2626 mittam
274 2567 320 2625 vel
342 2565 462 2625 scribam
483 2581 535 2637 pro
555 2563 768 2637 informatione,
789 2566 864 2625 bena
885 2567 1014 2640 quidem3
1037 2569 1081 2626 sin
1102 2569 1203 2640 miuus,

53 2673 209 2733 abstinebo
231 2673 335 2730 clausis
357 2671 466 2742 oculis,
497 2670 547 2730 sed
569 2687 671 2743 spero,
703 2671 782 2729 illam
802 2687 855 2742 pro
876 2688 927 2729 sua
951 2673 1067 2744 justitia
1086 2672 1204 2732 minime

54 2783 227 2851 negaturam
248 2775 483 2834 informationem
504 2774 619 2847 nidere;
640 2775 713 2832 illud
734 2773 854 2848 affirmo,
877 2792 933 2834 non
955 2791 1016 2836 esse
1029 2775 1203 2839 intototar-

52 2899 152 2942 rarum
174 2882 243 2940 orbe
266 2881 418 2951 hominem,
434 2880 489 2954 nui
511 2879 601 2953 magis
623 2880 719 2952 cupiat
733 2879 785 2938 ulli
801 2881 966 2938 mortalium
980 2896 1089 2940 morem
1097 2894 1204 2954 gerere

54 2995 84 3047 et
106 2987 243 3058 obedire,
271 3001 354 3060 quam
377 2971 565 3057 ego'vestrae
588 2984 759 3044 celsitudini
778 2985 996 3058 illustrissimae,
1018 2986 1096 3046 Deus
1117 2989 1204 3046 novit.

52 3094 174 3152 Interea
194 3093 262 3150 dnm
282 3109 300 3148 a
320 3090 475 3164 scriptione
497 3096 597 3149 contra
616 3091 717 3149 titulos
737 3090 815 3149 illius
836 3091 961 3150 doctoris
986 3089 1132 3164 abstineo,
1161 3093 1203 3150 in·

33 3195 34 3198 ’
51 3195 256 3255 formationem
277 3212 348 3269 paro
370 3197 439 3254 satis
460 3194 586 3254 brevem.

136 3301 266 3359 Thermas
288 3301 423 3359 videntur
444 3301 512 3360 mibi
534 3299 636 3360 saltem
658 3317 714 3358 non
736 3302 881 3372 nocuisse,
905 3301 928 3358 si
950 3317 1005 3359 non
1025 3299 1204 3373 profuerunt,

53 3405 170 3463 Domini
192 3405 324 3464 voluntas
344 3403 409 3476 fiat;
440 3422 493 3478 ego
515 3405 551 3463 de
573 3404 738 3467 valetudine
760 3407 887 3478 corporis
908 3421 964 3464 non
985 3421 1045 3462 sum
1067 3405 1205 3466 sollicitus

54 3510 165 3582 (Deum
185 3509 308 3585 testor),
337 3511 448 3582 maJ'ora
469 3510 544 3566 errim
566 3513 701 3580 exspecto
722 3525 739 3564 a
761 3507 877 3566 domino
898 3507 960 3566 ileo
980 3522 1058 3580 meo,
1086 3509 1140 3566 hoc
1160 3491 1205 3567 est

52 3613 160 3672 animas
181 3619 351 3688 perpetuam
379 3615 541 3672 sanitatem.
582 3610 648 3670 Jam
677 3617 780 3684 quarto
808 3612 878 3670 istas
904 3627 993 3684 aquas
1018 3613 1128 3670 tentavi
1149 3612 1204 3671 Ba-

53 3718 169 3786 densea‚
190 3718 313 3776 Ferinas
334 3717 387 3789 bis,
409 3725 438 3775 et
460 3717 713 3789 choppingenses,
742 3722 771 3774 et
792 3733 905 3789 semper
925 3715 1047 3775 antehac
1066 3717 1204 3776 Illastris-

52 3823 137 3880 mmae
150 3822 338 3882 Celsitndinis
359 3823 470 3881 Vestrae
488 3823 739 3881 clementissimum
754 3823 877 3881 animum
900 3827 929 3880 et
949 3820 1153 3881 liberalitatem
1175 3827 1204 3881 et

52 3924 194 3996 pietatem
216 3943 278 3984 sum
300 3932 452 3997 expertus,
481 3925 546 3982 nolo
568 3939 643 3982 nunc
662 3925 799 3983 molestus
820 3941 898 3998 esse,
930 3928 1045 3986 tametsi
1064 3925 1203 3986 affirmem

52 4043 155 4087 cerain
174 4031 252 4103 Deo,
279 4029 356 4101 quod
377 4027 461 4100 plane
482 4027 545 4086 istae
566 4026 698 4084 Thermae
718 4043 763 4085 me
785 4028 979 4087 exhauserint.
1020 4029 1120 4087 Dicam
1140 4045 1203 4089 cum

51 4133 163 4191 Paulo:
194 4136 277 4206 cupio
300 4131 417 4192 dissolvi
439 4137 469 4190 et
490 4147 552 4190 esse
574 4143 637 4190 cum
659 4132 785 4204 Christo,
808 4133 857 4191 ubi
877 4149 961 4205 spero
982 4148 1026 4190 me
1047 4133 1202 4192 affuturum

50 4243 102 4295 sat
132 4237 192 4298 cito.
234 4239 377 4311 Dignatur
404 4238 508 4298 Vestra
537 4237 732 4296 illustrissima
760 4238 907 4297 celsitudo
937 4237 1100 4296 meminisse
1130 4241 1202 4311 ejus,

621 4363 636 4396 it

135 4455 187 4511 IS.
208 4475 235 4510 n.
254 4457 295 4511 ot.
