2830 5078
54 375 114 429 1560
155 399 179 464 ·“
577 379 637 440 225

110 545 254 616 Empfiehlt
273 545 366 617 sinige
385 545 485 610 Polcn,
513 546 619 602 welche
645 547 694 600 der
718 549 829 604 studien
849 549 949 605 halben
967 551 1117 622 'l'ttbingeu
1137 553 1183 609 be·

49 645 138 698 nioben
156 643 268 708 nollem
289 643 334 698 die
352 643 496 714 poluische
515 643 637 700 heirath.

106 739 190 794 Schon
210 739 348 812 gedruckt
366 739 412 794 bei
431 739 528 804 Moser,
549 757 634 796 neues
654 741 852 811 patriotisches
871 743 966 800 archiv
986 744 1020 808 Π,
1040 746 1074 800 ts
1093 745 1121 801 n.

111 863 304 921 illustrissime
326 872 355 922 et
368 865 616 926 Excellentissime
633 866 771 940 Princeps
792 877 822 927 et
838 870 959 929 Domine
974 870 1097 931 Domine
1118 889 1181 934 cum

50 966 215 1026 obseruantia
237 966 466 1027 Calendissimet

112 1071 283 1130 Commendo
304 1071 420 1144 addicta
439 1072 535 1131 studia
556 1079 586 1132 ct
607 1071 701 1132 officia
721 1075 807 1134 mea¹
829 1093 862 1134 ac
877 1093 959 1137 omne
975 1097 1067 1153 genus
1082 1081 1180 1141 obser·

51 1177 133 1233 rantiae
161 1178 190 1234 in
215 1177 422 1236 illustrissimus
452 1176 639 1236 Oelsitudinis
661 1177 772 1238 Vestris
799 1181 973 1254 singularem
1001 1187 1124 1257 gratiam
1152 1193 1182 1246 et

49 1280 271 1341 benevolentiam.
294 1282 365 1342 Cum
381 1283 427 1340 hic
443 1289 519 1341 esset
532 1283 609 1358 apud
620 1300 665 1342 me
680 1286 937 1346 reverendissimus
959 1295 988 1347 et
1008 1289 1181 1350 clarissimus

47 1387 82 1442 vir
103 1387 126 1444 d.
150 1388 257 1446 Petrus
283 1389 390 1446 Paulus
418 1389 593 1463 Verginius,
628 1389 832 1448 illustrissime
859 1391 1044 1452 celsitudinis
1069 1395 1181 1454 Vestrre

47 1489 159 1550 alumnus
180 1497 210 1550 et
231 1494 432 1566 consiliarius,
464 1510 519 1552 non
551 1495 621 1552 satis
650 1511 733 1553 eme
762 1496 817 1553 dici
844 1503 947 1568 potest,
976 1515 1060 1571 qnam
1086 1501 1181 1560 suarm

47 1611 170 1669 quamque
187 1596 321 1669 jucunda
341 1598 410 1655 mihi
431 1613 494 1655 cum
516 1597 566 1656 illo
587 1596 642 1656 fnit
662 1599 856 1671 consuetudo,
886 1603 934 1675 qui
961 1619 1006 1661 me
1030 1603 1182 1678 colloquiis

46 1701 93 1758 suis
110 1718 164 1761 non
185 1705 281 1762 minus
302 1703 419 1762 disertis
441 1721 525 1778 qnam
554 1705 733 1778 sapientibus
762 1707 798 1764 de
826 1707 992 1780 reipublicae
1013 1709 1107 1782 deque
1134 1725 1180 1768 re·

46 1805 141 1877 ligionis
156 1813 235 1868 statu
252 1825 305 1880 per
316 1809 499 1868 Germaniam
520 1827 553 1870 ac
574 1827 626 1882 per
646 1812 703 1870 alia
724 1828 814 1884 regna
836 1819 865 1870 et
885 1813 1048 1886 provincias
1068 1815 1097 1872 in
1119 1815 1181 1874 dies

46 1913 119 1984 magis
138 1931 170 1974 ac
191 1917 284 1988 magis
306 1913 492 1988 informabat3
522 1918 601 1974 novit
623 1916 698 1976 enim
721 1918 784 1990 ejus
804 1918 919 1990 generis
939 1919 1098 1991 permulta,
1127 1935 1181 2003 usu

47 2015 129 2076 didicit
152 2035 185 2076 ac
210 2021 370 2098 etiamnum
392 2018 477 2078 discit
504 2019 644 2092 plurima,
677 2019 779 2077 taciem
808 2019 993 2078 ecclesiarum
1020 2025 1080 2077 tam
1105 2037 1179 2094 prae·

46 2121 150 2178 sentium
169 2139 257 2196 quam
278 2125 364 2195 paulo
385 2124 566 2197 superiorum
587 2128 746 2197 temporum
768 2125 791 2180 si
812 2125 961 2197 qnisquam
981 2124 1056 2184 alius
1075 2141 1094 2182 a
1113 2141 1180 2198 pro·

47 2224 136 2298 pinque
162 2229 306 2300 inspexit,
338 2233 369 2286 et
389 2244 444 2285 non
466 2225 598 2285 interfuit
617 2227 716 2299 modo,
748 2227 798 2285 scd
820 2234 851 2286 et
870 2225 987 2301 praefuit
1002 2230 1130 2301 negotiis
1150 2236 1180 2289 et

46 2332 232 2390 certaminibus
255 2331 309 2404 his,
331 2349 394 2404 qnae
415 2330 498 2390 fatali
519 2332 641 2405 quadam
663 2333 834 2390 necessitate
856 2333 885 2390 in
907 2333 967 2391 haec
988 2340 1088 2392 nostra
1108 2340 1179 2392 tem-

45 2449 101 2502 pora
119 2435 154 2493 de
175 2453 206 2494 re
236 2437 364 2498 omnium
390 2439 514 2496 maxima
541 2443 571 2495 et
599 2437 713 2495 maximi
742 2439 879 2496 momenti
905 2437 1082 2511 inciderunt3
1114 2455 1178 2512 quae

46 2542 141 2598 tametsi
161 2557 219 2600 non
241 2558 333 2614 usque
354 2542 428 2601 adeo
449 2543 566 2615 longum
588 2559 680 2616 neque
702 2543 868 2600 diuturnum
895 2543 1012 2616 explent
1039 2549 1089 2601 aut
1113 2559 1178 2601 con-

46 2644 151 2702 stituunt
171 2647 320 2716 saecnlum,
342 2654 438 2706 tamen
461 2665 564 2720 magna
585 2649 679 2707 estin
700 2648 744 2704 bis
764 2647 863 2720 paucis
883 2649 966 2705 annis
979 2647 1127 2720 religionis
1149 2655 1179 2706 et

48 2747 194 2820 reipublicae
220 2753 252 2808 in
281 2752 414 2809 nniverso
442 2755 585 2808 terrarum
613 2749 683 2807 orbe
711 2752 846 2821 mutati03
878 2766 942 2822 quae
970 2765 1017 2806 res
1045 2750 1177 2823 equidem

46 2851 109 2909 nobis
128 2861 169 2912 est
192 2861 223 2912 et
245 2870 309 2912 esse
332 2855 419 2913 debet
434 2870 543 2926 magum
558 2843 756 2920 consolationi,
779 2853 878 2913 orbem
894 2854 1098 2927 Christianum,
1118 2869 1177 2913 ma-

46 2956 104 3013 rine
122 2975 188 3017 vero
211 2959 363 3017 ecclesiam
383 2973 553 3030 quamquam
567 2957 679 3016 duriter
692 2959 806 3017 concuti
821 2964 850 3017 et
864 2960 1057 3032 conquassari,
1079 2967 1175 3019 tamen

45 3062 176 3122 veritatem
198 3071 229 3121 et
252 3065 343 3122 lucem
364 3064 453 3134 magis
481 3080 514 3122 ac
540 3063 630 3136 magis
656 3064 685 3121 in
712 3063 775 3122 dies
801 3064 830 3121 in
859 3063 1002 3122 mantibus
1029 3063 1174 3122 hominum

45 3165 159 3239 accendi,
190 3173 222 3225 et
245 3181 396 3239 erumpere
417 3165 559 3224 flammam
586 3167 661 3239 iguis
691 3167 833 3238 ooelestis,
863 3165 1010 3240 profligari
1041 3169 1177 3228 tenebras

45 3271 272 3343 superstitionum,
296 3277 325 3329 et
342 3287 481 3344 paparum
498 3269 627 3330 infinitas
641 3271 829 3330 idolomanias
850 3275 976 3344 proteri;
997 3273 1087 3346 idque
1104 3290 1178 3345 prce·

46 3371 111 3442 sidio,
131 3374 300 3436 defensione
322 3382 353 3434 et
372 3375 533 3448 patrocinio
553 3375 813 3435 illustrissimorum
831 3377 990 3450 principum
1005 3378 1179 3452 Germaniae,

46 3479 212 3539 nutritiorum
227 3480 431 3552 ecclesiastici,
444 3481 492 3554 qui
503 3481 689 3540 huicLazaro
700 3483 786 3556 pleno
799 3482 905 3540 morbis
916 3489 946 3540 et
956 3483 1100 3542 ulceribus
1110 3490 1178 3542 anta

45 3576 107 3642 iores
125 3583 246 3644 divitum
268 3591 298 3644 et
318 3591 530 3658 praepotentum
549 3603 687 3660 paparum
710 3595 739 3644 et
760 3587 926 3659 pontificum
947 3588 1044 3646 multis
1065 3587 1178 3646 saeculis

44 3683 135 3752 jacenti
154 3689 311 3762 hospitium
336 3690 537 3764 praehuerunt3
566 3693 644 3750 inter
665 3709 735 3766 quos
756 3709 820 3750 cum
842 3693 1067 3751 Illustrissimam
1088 3691 1178 3750 Celsi·

29 3769 156 3851 ¹tudinem
166 3795 301 3854 Vestram
309 3803 371 3854 uon
385 3797 500 3855 ultimas
518 3813 612 3869 ireque
633 3797 751 3868 medias,
773 3797 825 3854 sed
846 3795 930 3854 facile
951 3798 1059 3868 primas
1078 3801 1177 3869 partes

48 3891 160 3956 obtinere
180 3901 375 3972 intelligerem
404 3919 466 3960 cnm
488 3919 564 3974 saepe
590 3909 657 3961 ante
684 3901 765 3972 alias,
791 3907 851 3960 tum
878 3901 1023 3975 praecipue
1044 3917 1120 3959 nunc
1141 3915 1177 3958 en

48 3998 184 4063 clarissimo
205 4005 232 4064 d.
253 4003 343 4064 Petro
363 4005 455 4065 Paulo
480 4006 631 4079 vergerio,
654 4005 710 4065 dici
732 4008 847 4080 nequit,
869 4005 1067 4065 lllustrissime
1092 4004 1175 4062 Prin-

595 4147 609 4178 ss

106 4255 159 4310 IS.
179 4257 219 4311 br.
240 4259 282 4321 47.
320 4257 408 4314 Unter
435 4257 599 4313 demselbeu
624 4251 722 4312 datum
752 4257 832 4311 butte
860 4255 931 4310 euch
958 4255 985 4307 k.
1016 4251 1175 4322 Sigismund

50 4352 130 4408 wegen
148 4343 195 4399 der
213 4345 342 4414 gleichsn
360 4344 581 4415 angelegenheib
600 4362 637 4398 an
655 4345 756 4415 herzog
776 4341 925 4410 christoph
944 4339 1132 4411 geschrieben‚
1154 4355 1175 4391 s.

52 4437 117 4480 leues
132 4431 326 4498 patriotisches
346 4432 441 4488 archiv
460 4449 514 4487 ron
535 4433 625 4486 Moser
643 4431 677 4497 II,
697 4433 730 4486 45
750 4431 768 4483 f.

92 4526 174 4584 Vergsr
932 4525 963 4577 15
