2862 5080
762 361 825 422 412
1297 351 1354 409 1564

223 531 336 592 Vestro
348 531 553 591 Illustrissimse
567 529 745 600 celsitudini,
763 531 808 590 cui
821 530 901 590 Dens
911 529 1026 590 abunde
1043 530 1186 604 largiatur
1205 546 1257 592 sue
1275 529 1356 590 dirius

223 635 309 705 dona,
331 635 462 710 spiritum
483 640 514 694 et
534 633 619 695 fidem
640 651 693 710 per
714 635 861 696 Christum
881 635 1027 694 domiuum
1048 641 1187 696 nostram.

302 740 397 801 (lurise
416 739 584 801 libertorum
604 741 652 800 die
676 743 711 800 19
733 741 844 815 Aprilis
868 741 952 801 1564.

448 845 655 906 Illustrissimae
676 845 862 906 celsitudinis
882 846 995 907 Vestrse
1015 846 1141 905 servitor

1124 948 1292 1022 vergerius.

291 1083 310 1122 a
328 1065 456 1121 Derdber
474 1083 529 1122 von
548 1069 595 1124 des
614 1069 730 1140 hernogs
750 1071 840 1126 hund:
860 1070 939 1126 brevi
958 1072 995 1125 cd
1013 1071 1137 1141 longum.
1180 1072 1183 1078 ’

746 1323 803 1380 202
815 1337 841 1380 o.

527 1453 650 1542 Verger
673 1477 717 1520 an
737 1456 856 1541 herzog
879 1452 1061 1539 Chrisioph.

605 1585 711 1645 zurreu
731 1588 770 1644 ss
790 1587 875 1658 spru
898 1587 983 1644 1564.

295 1699 440 1757 Berichtet
457 1701 526 1758 uber
542 1703 637 1759 seinen
656 1703 818 1760 sufenthslt
841 1703 871 1758 in
890 1703 979 1768 Ohur,
1006 1703 1101 1759 seinen
1126 1704 1210 1759 streit
1234 1703 1287 1758 mit
1306 1703 1358 1758 dem

222 1795 388 1866 spanisclrcn
407 1799 568 1868 gossndten,
588 1801 663 1856 scine
683 1800 927 1856 zusammenlrunft
945 1799 998 1854 mit
1015 1799 1080 1854 dem
1098 1799 1305 1854 franzdsischen
1321 1815 1359 1867 ge·

223 1892 343 1948 sandten
361 1893 419 1950 und
438 1895 526 1951 bittet
545 1913 590 1950 om
609 1896 684 1965 geld.

298 1991 496 2054 illustrissime
517 1994 656 2071 Princeps
678 2001 708 2056 et
727 1997 850 2056 Domine
871 1997 994 2056 Domino
1016 1995 1263 2056 clementissime!

297 2095 397 2158 Rediit
423 2099 460 2158 ad
488 2117 532 2160 me
554 2101 690 2161 Aurelius
722 2119 811 2177 nepos
842 2108 873 2163 et
902 2103 1051 2172 recitarit,
1082 2117 1147 2176 quse
1180 2117 1248 2161 cum
1267 2101 1359 2160 Vestra

221 2199 418 2262 Illustrissims
432 2203 609 2266 celsitudine
623 2207 754 2266 contulit.
785 2207 865 2267 Nihil
878 2223 950 2282 opus
964 2213 1009 2266 est
1027 2212 1172 2282 repetere,
1193 2213 1230 2266 ut
1250 2222 1305 2264 uon
1322 2220 1360 2262 re·
1424 2237 1425 2292 3

218 2311 303 2379 peto,
331 2313 443 2367 tentum
464 2309 603 2382 attingam
623 2311 770 2384 praecipna
785 2309 807 2382 ¹,
828 2326 893 2384 quse
913 2311 1030 2369 interim
1050 2311 1247 2383 contigerunt.
1286 2305 1361 2365 Venit
1424 2295 1425 2322 ²

223 2410 326 2470 eodem
346 2414 403 2486 die,
425 2431 480 2487 quo
495 2430 559 2489 ego,
582 2415 697 2476 Curium
708 2416 877 2475 Rhetornm
888 2415 1032 2475 Adrianus
1041 2414 1207 2475 Verbecous
1217 2411 1359 2481 Flendrus,

219 2517 269 2589 qui
299 2515 426 2588 legatum
457 2519 562 2589 egebat
588 2518 761 2578 serenissimi
790 2517 994 2592 Hispaniarum
1023 2519 1116 2591 regis,
1142 2517 1226 2576 veuit
1256 2513 1360 2588 quidem

218 2620 395 2695 peaoissimis
426 2623 578 2682 comitatus
609 2624 796 2696 constititque
825 2629 950 2697 quatuor
971 2621 1088 2692 diebus,
1113 2626 1143 2680 et
1162 2621 1289 2695 primum
1308 2617 1360 2693 qui·

220 2723 286 2784 dem
305 2741 417 2784 mecum
438 2727 526 2799 eoepit
546 2725 667 2799 publice,
690 2741 744 2784 neo
764 2732 937 2798 provocatus
952 2723 1127 2785 contendere
1148 2739 1248 2782 coram
1270 2737 1361 2795 mogus
1416 2735 1424 2786 ‚¹

219 2833 302 2902 perte
324 2835 455 2902 senatus,
477 2829 665 2903 absoluteque
687 2829 880 2897 contentione,
909 2829 990 2902 qussi
1011 2827 1047 2886 ob
1068 2843 1133 2886 eam
1151 2843 1216 2890 rem
1236 2827 1360 2893 venisset,

220 2931 353 2990 discessit
374 2938 404 2992 et
424 2931 621 2991 Mediolanum
649 2947 679 2990 se
710 2931 842 2990 contulit.
885 2931 987 3004 (lause,
1017 2938 1136 3007 propter
1166 2948 1256 3006 qnam
1284 2931 1361 3004 ooepit

219 3052 330 3097 mecam
351 3037 536 3106 contendere,
556 3035 612 3094 fuit
632 3036 804 3110 lruJusmodi.
836 3036 958 3096 Dixerat
972 3036 1144 3108 Verbeccus,
1166 3054 1198 3096 se
1220 3053 1284 3097 esse
1303 3036 1359 3093 mis·
1422 3113 1423 3122 ἵ

220 3158 283 3202 snm
304 3159 322 3201 o
341 3142 475 3216 Philippo
495 3143 526 3200 in
541 3139 692 3210 Rhodam,
714 3147 746 3199 ut
767 3158 828 3200 rem
848 3147 1004 3214 perageret
1023 3157 1087 3200 cum
1108 3140 1233 3200 dominis
1253 3141 1360 3208 Bletis,
1422 3177 1423 3188 t

218 3261 322 3320 nempe
343 3246 379 3306 de
399 3246 510 3307 foedere
531 3263 595 3308 cum
615 3247 672 3306 illis
692 3248 867 3307 renovando.
896 3247 1035 3306 Dixeram
1055 3265 1110 3322 ego
1129 3247 1223 3324 (iuter
1243 3250 1359 3321 privatos

220 3351 333 3428 temen)
353 3353 410 3411 imo
431 3369 449 3411 a
468 3352 549 3426 Papa
569 3351 657 3411 fuisse
678 3354 810 3421 missum,
841 3353 889 3426 qui
911 3352 985 3412 hanc
1004 3370 1066 3413 rem
1086 3368 1198 3411 summe
1219 3349 1359 3425 diligentia

217 3461 367 3524 tractaret,
389 3472 492 3530 nempe
513 3457 549 3516 de
570 3455 767 3530 abrumpeudo
789 3455 911 3531 foedere,
933 3458 1010 3532 quod
1031 3456 1086 3516 init
1107 3473 1171 3516 cum
1186 3473 1259 3530 rege
1272 3455 1358 3516 Gallo-

223 3576 287 3620 rom
306 3567 464 3636 peractum.
495 3561 666 3632 Verbeeoas,
687 3561 768 3634 quasi
787 3561 817 3619 iu
838 3562 893 3620 hoc
912 3563 1084 3622 consisteret
1104 3568 1166 3622 tota
1185 3578 1283 3632 causa,
1302 3575 1358 3620 con·
1421 3555 1422 3582 ¹

219 3669 294 3728 stitit
314 3668 360 3727 hio
381 3671 525 3742 coepitque
545 3683 650 3740 urgere
671 3673 757 3741 atquo
779 3665 934 3741 affirmare,
960 3668 1014 3727 sibi
1042 3665 1105 3726 lieri
1132 3684 1216 3726 ame
1238 3682 1358 3740 magnam

785 3791 800 3824 *

292 3887 305 3940 1
325 3885 420 3940 Duroh
438 3885 533 3940 diesen
551 3885 627 3941 brief
642 3885 681 3940 isi
698 3887 748 3942 der
766 3883 811 3941 bei
830 3885 925 3956 Meyer
942 3885 978 3950 ΙΙ,
998 3885 1050 3941 253
1068 3903 1122 3940 nur
1140 3885 1209 3940 kurz
1226 3883 1358 3940 erwdhnte

220 3970 394 4043 attgerliche
414 3971 542 4037 auserim,
569 3971 624 4027 den
649 3972 699 4027 der
724 3972 782 4027 elie
807 3971 1018 4042 streitsdchtige
1045 3989 1131 4028 maon
1150 3973 1203 4027 mit
1221 3972 1286 4028 dem
1303 3985 1356 4040 spn-

217 4060 333 4114 nischeu
352 4058 507 4130 gesendten
526 4059 623 4114 hatte«
644 4059 709 4114 lrlor
728 4058 884 4128 dargelsgt.
920 4059 956 4112 Es
975 4076 1033 4113 war
1058 4059 1133 4114 dsnn
1156 4059 1219 4114 sehr
1246 4054 1356 4129 begreii·
1420 4059 1421 4084 ¹

217 4145 283 4212 lich,
302 4144 358 4200 dat
378 4145 423 4200 die
442 4146 548 4202 Churer
566 4145 699 4217 prodiger
717 4148 846 4218 sorgten,
867 4145 923 4201 dsss
942 4164 973 4202 er
991 4145 1087 4216 eiligst
1105 4145 1178 4200 nach
1197 4144 1296 4200 Zirrich
1315 4142 1355 4198 sle

217 4234 289 4289 reise
308 4233 370 4312 und
383 4249 412 4288 es
430 4232 468 4287 ist
486 4252 538 4288 nur
556 4252 591 4287 zu
616 4234 708 4299 crahc,
735 4251 816 4289 wenn
836 4233 980 4290 Fabricius
1004 4251 1040 4288 on
1058 4233 1205 4304 Bullinger
1226 4230 1354 4286 schreibt:

216 4319 256 4374 sic
276 4318 363 4374 bonus
381 4333 465 4374 senex
490 4337 524 4375 ex
549 4337 605 4376 uno
630 4321 704 4376 melo
729 4321 760 4375 in
783 4320 862 4376 eliud
887 4319 991 4376 incidit
998 4341 1005 4386 ;
1035 4320 1107 4378 ench
1130 4320 1191 4376 sein
1217 4317 1355 4375 bedienter

215 4404 298 4458 hatte
316 4403 380 4460 sehr
398 4405 543 4461 schlimme
561 4405 737 4462 raarfhlindel.
