2862 5080
610 373 668 435 361

610 623 673 678 165.

365 743 490 828 Verger
512 763 554 806 un
579 742 699 828 herzog
723 741 910 828 Christoph.

389 864 540 940 'l'libingeu
562 865 598 922 27
622 862 792 936 September
816 865 898 922 1562.

136 976 281 1032 Berichtet
299 977 392 1047 einige
409 976 592 1047 usuiglreiten
617 995 666 1033 sus
695 978 757 1032 dem
785 975 873 1032 concil
894 977 951 1030 und
970 977 1062 1048 iregt,
1092 978 1215 1033 wieder

71 1074 170 1143 herzog
188 1071 284 1129 seinen
304 1073 395 1129 ueffen
418 1073 582 1130 verwendeu
603 1073 693 1130 molle.

144 1171 342 1230 Illusirissime
363 1171 503 1246 Princeps
524 1177 554 1230 et
574 1171 696 1230 Domine
719 1171 840 1230 Domine
863 1169 1102 1230 Clementissime!

145 1275 224 1333 Ante
245 1274 355 1347 aliquot
375 1291 478 1342 eunus,
506 1274 559 1333 sub
579 1274 656 1334 lulio
678 1275 787 1334 scilicet
807 1272 889 1346 111¹,
911 1275 1043 1334 Tridenti
1064 1275 1214 1349 episcopus

68 1377 204 1436 Gevensis
225 1378 315 1436 lielus
335 1378 441 1437 avulsit
462 1383 573 1452 purtem
590 1377 686 1436 burbae
700 1380 832 1452 episeopo
846 1378 1089 1452 Mellepotenonsi
1103 1378 1214 1452 Graeco,

66 1497 169 1555 magno
192 1499 254 1540 cum
277 1482 336 1540 risu
358 1489 387 1540 et
408 1480 544 1540 scandalo
565 1482 703 1550 omnium;
736 1497 809 1538 nunc
838 1497 906 1539 vero
933 1479 1111 1554 significetur
1136 1482 1214 1552 mibi,

67 1587 143 1662 quod
172 1587 322 1661 episcopus
350 1586 464 1660 quidem
489 1585 634 1658 Hispanus
665 1586 811 1644 conseruit
841 1601 954 1654 menum
983 1604 1046 1644 cum
1080 1588 1213 1660 episcopo

67 1693 228 1751 Veronensi
261 1708 295 1748 ex
326 1691 461 1763 primerio
489 1693 517 1748 in
548 1689 696 1764 republica
718 1691 831 1750 Venelu
857 1691 1071 1750 Trivlsenurum
1096 1690 1213 1758 lumiliu,

67 1798 245 1870 imponitque
266 1795 308 1854 illi
330 1812 446 1868 gravem
466 1795 595 1867 elopem,
625 1811 714 1868 quere
735 1794 825 1854 bonus
847 1797 1022 1856 Veronensis
1043 1802 1123 1856 teoto
1144 1814 1213 1856 moe·

65 1918 132 1961 rure
153 1899 273 1961 effectus
293 1901 356 1972 luit,
377 1907 408 1958 ut
429 1902 505 1960 intre
526 1901 710 1975 paucissimos
732 1901 794 1959 dies
820 1907 940 1960 mortem
962 1900 1082 1972 obierit,
1104 1917 1212 1975 pugne-

69 2024 129 2065 oem
152 2007 243 2082 igilur
262 2005 424 2064 Tridentini
445 2013 541 2077 putres
563 2005 669 2064 bobenl.
689 2005 818 2078 spiritum
840 2011 977 2064 sunctum.

146 2109 332 2184 Significatur
351 2110 429 2184 mihi,
450 2112 566 2184 evegeri
588 2126 640 2182 per
660 2111 772 2168 liuliem
792 2110 896 2168 librum
923 2116 1024 2170 contre
1050 2127 1095 2169 me
1123 2111 1213 2183 scrip·

34 2225 37 2232 “
63 2213 148 2274 tum’
168 2215 305 2274 mandatu
326 2215 427 2288 Papae,
450 2215 513 2289 quis
534 2231 588 2274 non
610 2221 793 2287 stomecetur,
815 2215 901 2274 licere
922 2215 980 2287 legi
1001 2215 1090 2274 libros
1110 2221 1211 2274 contro

63 2337 114 2380 nos
136 2321 286 2395 scriptos·‚
308 2319 436 2378 sednon
458 2321 546 2380 licere
566 2325 677 2378 nostres
692 2321 903 2392 responsiones,
926 2327 1033 2393 quenie
1048 2319 1213 2392 biciueptiu

63 2429 151 2500 atque
172 2423 301 2498 injurie?
327 2424 427 2498 Spero,
448 2441 505 2484 nou
526 2425 676 2484 defuturos
698 2425 766 2494 ries,
789 2425 893 2498 quibus
914 2426 1018 2500 possim
1041 2439 1119 2484 meos
1140 2441 1210 2498 quo-

62 2545 119 2603 que
141 2529 256 2588 libellos
277 2529 429 2602 evulgare,
458 2545 513 2588 non
544 2529 649 2588 desunt
675 2529 743 2588 boni
764 2511 861 2602 omici3
892 2530 1007 2589 inierim
1028 2545 1083 2603 ogo
1103 2529 1212 2602 gratius

63 2634 136 2705 Deo,
158 2632 236 2707 quod
258 2633 366 2705 Papam
385 2633 530 2706 potuerim
550 2633 587 2690 ed
607 2633 786 2692 iracundiam
809 2650 998 2693 commovere.

142 2737 285 2810 Exspecto
313 2753 459 2811 response,
485 2753 549 2810 qnae
573 2737 675 2797 Vestro
696 2737 894 2798 illustrissime
915 2737 1063 2797 Celsitudo
1094 2738 1211 2809 dignate

62 2851 108 2902 est
128 2842 198 2900 mihi
218 2841 348 2915 polliceri
370 2842 406 2900 de
428 2841 510 2902 libris
530 2843 602 2902 meis
622 2842 651 2900 in
673 2859 730 2900 uno
753 2849 831 2900 tomo
857 2841 1054 2916 imprimendis
1067 2840 1092 2908 ⁸,
1118 2849 1149 2899 et
1174 2842 1209 2900 de

61 2951 183 3020 nepote,
204 2962 268 3004 cum
289 2962 346 3020 quo
367 2947 491 3017 contuli,
513 2947 581 3020 quid
603 2948 639 3006 de
660 2965 694 3006 eo
716 2948 823 3021 cogitet
845 2945 1042 3006 illustrissima
1063 2946 1211 3005 Celsitudo

62 3049 208 3119 Vestre⁰;
229 3051 289 3107 sive
309 3048 398 3122 igitur
419 3047 637 3108 Frenclordium
657 3049 700 3107 illi
722 3050 893 3109 veniendum
914 3051 965 3116 sit.
988 3052 1048 3109 sive
1068 3051 1125 3108 elio
1145 3052 1211 3110 mit·

59 3153 175 3224 tendus,
197 3153 324 3224 obediet,
345 3160 377 3212 ut
396 3170 465 3212 sene
487 3153 589 3225 debel3
612 3156 667 3213 imo
690 3155 811 3212 dixerim
824 3156 954 3229 emplius,
976 3156 1053 3229 quod
1069 3157 1092 3213 si
1107 3155 1211 3228 uliquis

58 3260 98 3318 sit
120 3259 149 3315 in
171 3258 295 3317 Gelliam
320 3257 478 3316 mittendus
507 3242 761 3334 (quernedmodum
795 3259 839 3346 de¹
861 3276 906 3318 me
935 3262 997 3332 ipso
1022 3261 1210 3319 constitutum

59 3361 159 3422 lueret
177 3362 363 3438 aliquando),
390 3379 434 3420 me
461 3379 517 3420 unu
543 3379 606 3422 cum
632 3363 682 3421 illo
704 3370 833 3436 puratum
856 3380 928 3432 esse,
951 3381 1062 3423 ornnem
1082 3365 1209 3423 laborem

57 3473 149 3541 etque
170 3469 256 3526 etiem
278 3467 435 3540 pericnlum
457 3467 582 3526 libenter
603 3467 699 3526 subire
720 3486 772 3541 pro
787 3469 880 3542 glorie
896 3469 959 3536 Dei,
981 3473 1068 3542 eique
1090 3477 1122 3527 ut
1142 3469 1210 3529 lllu-

59 3573 208 3632 strissimae
229 3571 400 3632 celsitudini
424 3571 535 3631 Vestrae
556 3590 617 3631 rem
637 3578 749 3646 grutem
770 3572 884 3641 leolum,
906 3573 1023 3632 nrenrdet
1044 3559 1137 3644 modo,
1159 3591 1210 3632 ne-

60 3693 121 3749 que
142 3679 217 3736 enim
239 3676 390 3735 defuturus
411 3693 481 3743 sum,
502 3683 589 3749 etque
611 3673 688 3736 idem
710 3695 761 3749 pro
782 3679 844 3751 ipso
863 3683 968 3752 nepote
985 3677 1104 3736 offirmo.
1127 3679 1209 3737 Com-

630 3801 644 3832 ’lt

58 3893 135 3947 nach
153 3893 308 3948 l'reukfurt
326 3893 455 3955 herotem
481 3893 555 3948 deun
584 3895 647 3947 doit
665 3895 748 3948 sollte
767 3895 942 3950 Maximiliun
968 3913 1028 3949 zum
1055 3895 1209 3950 romischeu

57 3978 150 4049 kbnig
168 3980 289 4035 erwdhlt
306 3980 426 4044 werden,
447 3981 503 4034 und
522 3981 624 4052 herzog
642 3981 789 4053 Gbrieioph
809 3983 889 4038 butte
909 3983 971 4038 sehr
989 3982 1045 4038 viel
1064 3983 1134 4036 deun
1152 3982 1210 4036 bei-

56 4067 214 4207 gssgrthgen,
244 4066 299 4122 dell
328 4068 401 4123 dieue
429 4068 501 4122 wulnl
527 4087 559 4122 un
584 4070 685 4124 stende
710 4070 829 4124 komme.
866 4070 893 4124 S.
912 4089 937 4123 n.
959 4071 1015 4122 197.
1051 4069 1157 4145 Kugler
1175 4068 1209 4130 ΙΙ,
1245 4118 1248 4122 .

136 4244 147 4296 1
168 4242 259 4297 Julius
277 4243 326 4308 ΠΙ,
344 4245 428 4312 papst
448 4260 501 4298 von
523 4245 590 4298 1550
610 4243 652 4297 bis
671 4201 746 4299 1555.
770 4247 772 4252 '

133 4329 150 4382 2
167 4329 192 4383 S.
211 4349 239 4384 n.
259 4330 316 4384 152.

134 4417 150 4471 3
168 4417 192 4471 S.
211 4436 238 4472 n.
260 4419 309 4473 166
328 4418 385 4473 und
405 4421 489 4474 libe.
