2910 5080
757 1249 850 1310 1553.

794 1369 819 1422 l.

524 1471 652 1556 Verger
674 1492 717 1534 an
736 1469 871 1556 Herzog
894 1467 1080 1558 Christopb.

343 1627 348 1639 .
592 1583 743 1655 Tubingen
769 1586 808 1642 24
827 1583 896 1642 Juni
919 1585 1004 1642 1553.

297 1689 405 1760 Verger
432 1685 611 1744 iiberschiclst
637 1685 712 1741 seins
736 1685 916 1741 italitnisohe
940 1687 1129 1757 iibersetaung
1155 1685 1205 1740 der
1233 1687 1368 1739 virttem·

229 1785 395 1856 bergiscben
421 1772 591 1848 confession,
618 1781 702 1837 sowie
727 1781 774 1838 die
793 1782 909 1838 comede
932 1799 966 1836 au
984 1782 1047 1838 dem
1065 1783 1230 1851 syntagma,
1258 1779 1370 1836 erbietet

163 1933 165 1937 .
231 1881 290 1961 sich
316 1881 370 1935 den
395 1867 580 1935 catechismus
604 1895 659 1932 von
682 1877 770 1932 Brenn
798 1876 842 1932 ins
860 1876 1043 1932 Italitniscbe
1068 1893 1102 1929 eu
1128 1875 1293 1929 ubersetaen
1318 1871 1369 1927 und

229 1973 357 2030 wilmcbt
374 1973 421 2029 bei
438 1973 501 2028 dem
520 1970 647 2042 kreistag
664 1971 694 2026 in
712 1971 831 2048 Uim—zu
848 1970 915 2026 sein.

300 2069 466 2126 Theilweise
490 2066 764 2137 (Pergo-degustare)
787 2066 872 2122 scbon
896 2067 1037 2137 gedruckt
1064 2067 1094 2122 in
1119 2068 1148 2124 O.
1166 2069 1196 2122 F.
1214 2067 1368 2128 Schnurrer‚
1440 2117 1441 2130 ,

230 2168 450 2237 erltuterungen
474 2163 523 2220 der
547 2161 832 2232 wirtembergischen
856 2161 992 2218 kirchen·
1016 2162 1224 2219 reformatione·
1251 2163 1311 2217 und
1328 2176 1369 2232 gs·

231 2259 516 2330 lehrtengeschichte.
552 2255 701 2327 Tilbingen
721 2258 796 2312 1198.
815 2257 842 2312 S.
861 2258 921 2312 215.
941 2257 1000 2312 219.

329 2356 524 2418 illustrissime
545 2355 684 2428 Princeps
704 2361 734 2414 et
753 2354 875 2414 Domine
896 2356 1019 2416 Domine
1040 2356 1262 2430 gratiosissime!

310 2463 404 2535 Pergo
425 2461 550 2520 reddere
568 2461 710 2520 rationem
731 2459 914 2520 villicationis
934 2478 1014 2521 meae.
1054 2461 1127 2520 Heri
1154 2463 1277 2533 primum
1296 2459 1371 2520 abso·
1439 2523 1440 2538 χ

233 2569 313 2628 lutus
336 2571 383 2626 est
402 2582 420 2624 a
440 2563 620 2638 typographo
642 2561 717 2622 liber
737 2561 924 2623 confessionis
934 2563 952 2636 ¹,
973 2579 1058 2638 quern
1080 2570 1110 2622 et
1129 2565 1222 2623 mitto.
1263 2563 1373 2624 Utinam
1439 2553 1440 2604 l

231 2687 302 2732 uero
319 2669 468 2730 Gelsitudo
488 2669 550 2728 Tua
570 2673 669 2742 posset
690 2668 854 2740 intelligere
877 2673 906 2726 et
923 2668 1064 2742 judicare,
1086 2669 1163 2740 quod
1182 2667 1254 2728 mihi
1275 2671 1373 2728 donum
1441 2719 1442 2722 ,

231 2777 347 2838 dederit
366 2775 446 2836 Deus
467 2774 516 2851 (ad
536 2775 658 2848 gloriam
679 2775 742 2848 eius
764 2773 840 2851 dico)
869 2776 898 2832 in
925 2775 1025 2848 lingua
1051 2790 1115 2834 mea
1139 2773 1251 2834 italice!
1284 2773 1371 2862 Hodie

232 2883 297 2941 misi
324 2887 434 2941 certum
461 2879 608 2950 nuntium,
640 2878 689 2952 qui
719 2877 831 2950 aliquot
864 2893 898 2934 ex
929 2875 974 2937 bis
1001 2875 1230 2937 confessionibus
1257 2876 1371 2948 incipiat

232 3001 369 3058 spargere
390 3001 444 3057 per
463 2983 577 3042 ltaliam
598 2983 632 3056 in¹
648 2982 762 3040 nomine
772 2981 896 3039 Domini.
937 2981 999 3054 Ego
1014 2981 1141 3053 reliquas
1155 2998 1264 3040 precum
1278 2979 1369 3040 faran.

171 3111 176 3116 ·
233 3089 306 3148 Dico
327 3087 441 3158 iterum,
463 3087 618 3159 quonjam
640 3085 709 3157 dixi,
730 3103 815 3159 spero
828 3085 974 3158 ingentem
989 3085 1111 3145 fructum
1122 3104 1158 3146 ex
1167 3087 1246 3160 ipsis.
1272 3084 1372 3144 -Valde

236 3191 320 3252 tarde
336 3189 444 3248 incedit
466 3190 662 3263 typographus
683 3191 711 3247 in
732 3189 930 3263 imprimendo,
952 3191 1083 3262 quirilli
1104 3193 1218 3250 omnino
1239 3207 1288 3249 res
1307 3203 1373 3248 nova
1439 3243 1440 3250 .

236 3299 282 3355 est
302 3294 435 3354 laborare
456 3295 485 3351 in
506 3295 605 3367 lingua
625 3309 716 3368 usque
736 3293 810 3352 adeo
837 3295 991 3366 incognita.
1034 3297 1088 3354 Vix
1109 3295 1240 3355 absolvet
1257 3295 1373 3354 alterum
1439 3325 1440 3363 ;

233 3397 339 3456 librum
360 3412 463 3470 nempe
491 3395 665 3470 syntagma’
692 3397 785 3457 tribus
805 3400 972 3474 septimanis
993 3397 1038 3472 (ut
1059 3399 1175 3475 opinor)
1196 3405 1227 3458 at
1248 3412 1372 3474 sperave·
1438 3415 1439 3450 l

802 3515 818 3550 s

307 3597 318 3648 1
348 3595 405 3650 Der
430 3579 508 3650 titel:
546 3595 685 3651 Confessio
711 3595 765 3667 piae
784 3597 933 3663 doctrinae,
960 3617 1021 3669 quse
1051 3599 1165 3654 nomine
1187 3599 1289 3654 illustr.
1307 3597 1374 3670 prin·

234 3682 306 3752 arpa
335 3700 367 3738 aa
394 3682 501 3738 domins
527 3683 720 3762 chmnphori
746 3685 779 3738 n.
798 3685 935 3740 virumn.
954 3688 1006 3741 aa.
1035 3703 1086 3756 pa
1112 3687 1221 3756 regau
1249 3686 1307 3756 ejus
1332 3683 1373 3736 aa
1437 3663 1438 3754 l

238 3768 345 3822 XXIIII
363 3769 466 3823 mensis
478 3770 606 3826 Januarii
624 3789 649 3826 a.
660 3773 736 3827 1552.
755 3773 969 3843 congregationi
986 3773 1136 3830 tridentini
1156 3772 1271 3830 concilii
1284 3785 1375 3843 propo·

240 3854 296 3908 sita
308 3837 359 3909 ab.
388 3853 440 3910 Die
452 3857 640 3926 ubersetzung
649 3855 769 3928 Vergers
781 3858 956 3912 Confessione
977 3859 1053 3914 della
1072 3859 1120 3930 pia
1138 3859 1272 3926 dottrina„
1291 3878 1310 3914 s.
1321 3857 1375 3912 sixt

238 3957 259 3994 s.
274 3941 325 3994 597
344 3959 372 3995 n.
383 3942 425 3997 33.
455 3941 606 4012 Serapeum
625 3961 646 3997 s.
657 3947 690 4000 77
703 3963 731 3998 n.
742 3945 785 3999 46.
821 3943 873 4000 Die
892 3944 1035 4000 litterator
1052 3947 1101 4002 der
1118 3946 1275 4002 confession
1293 3941 1373 4012 vergi.
1436 3929 1437 3950 ³

238 4025 399 4106 Suburanas,
418 4029 634 4101 unliuterungen
653 4050 674 4085 s.
694 4032 746 4086 214
758 4031 786 4086 ff.

304 4115 496 4187 isyntagma
524 4133 636 4182 eorum,
663 4135 735 4188 quae
762 4119 876 4174 nomine
896 4117 997 4173 illustr.
1025 4117 1116 4188 princ.
1135 4117 1324 4190 Christopbori
1347 4115 1372 4168 in

236 4199 343 4268 synodo
364 4202 520 4260 tridentino
538 4221 589 4274 per
613 4204 725 4274 legatos
742 4221 805 4261 suos
823 4209 887 4262 acta
905 4209 978 4261 sunt.
998 4207 1074 4263 1553.
1113 4206 1170 4261 Der
1187 4206 1253 4262 titel
1269 4204 1374 4262 derita·

237 4285 395 4344 lisnnchen
413 4289 600 4361 ubersetzung
617 4292 723 4348 lautet:
741 4293 929 4350 Descrittione
947 4294 977 4348 di
989 4293 1084 4364 quello
1102 4293 1154 4348 cbe
1173 4292 1203 4347 in
1222 4310 1302 4349 nome
1313 4288 1373 4344 dell'

235 4371 337 4429 illustr.
357 4395 382 4430 u.
402 4394 423 4430 s.
441 4395 476 4432 w.
495 4396 516 4431 s.
534 4378 596 4434 sixt
614 4397 634 4434 s.
655 4381 713 4435 597.
733 4380 775 4435 32.
794 4380 945 4454 Serapeum
963 4401 983 4437 s.
1003 4383 1045 4437 17.
1064 4399 1091 4436 n.
1109 4381 1152 4436 48.
