2910 5080
602 381 644 440 65

582 638 673 702 1554.

609 807 636 863 8.

350 935 475 1024 Verger
498 959 541 1004 un
563 905 681 1024 herzog
705 937 891 1026 christoph.

425 1050 608 1156 8111131117
629 1053 712 1126 April
735 1053 819 1112 1554.

124 1149 224 1222 Wegen
243 1152 294 1207 der
313 1152 500 1210 ferrarisohen
520 1153 641 1210 heimth.

132 1247 322 1308 Illustrissime
344 1258 374 1310 et
394 1253 634 1313 excellentissime
656 1253 792 1328 Princeps
814 1259 844 1312 et
856 1253 978 1314 Domine
994 1255 1116 1314 Domine
1132 1255 1195 1316 Cle·

66 1350 221 1408 nentissime
232 1353 239 1408 t

131 1453 198 1513 Veni
224 1455 424 1530 Stutgerdiom
457 1466 487 1518 et
513 1475 577 1518 oum
604 1459 759 1518 clarissimo
787 1461 848 1520 viro
878 1461 905 1520 d.
931 1479 1035 1537 magno
1059 1465 1196 1538 magistro

67 1559 146 1629 curie,
173 1565 201 1616 et
225 1577 291 1619 cum
317 1561 344 1620 d.
366 1561 487 1624 Brentio
506 1565 615 1624 contuli
637 1565 767 1640 quosdam
789 1567 994 1638 negotiumue
1013 1567 1067 1640 ipsi
1088 1566 1197 1626 Vestro

68 1659 214 1722 delsitudini
234 1663 376 1726 referent.
408 1665 504 1726 Unum
518 1683 586 1727 vero
608 1683 643 1726 ex
664 1685 762 1728 eorum
784 1669 902 1728 consilio
923 1669 970 1728 hic
990 1676 1103 1742 egomet
1122 1687 1197 1729 nuno

66 1767 175 1826 scribom.
214 1769 415 1830 illustrissima
441 1772 468 1834 d.
489 1773 633 1834 Ferrariae
655 1773 790 1832 ducissu¹
818 1789 910 1846 nuper
936 1773 973 1832 ad
999 1791 1045 1834 me
1073 1773 1197 1848 scripsit,

62 1869 184 1945 jussitque
204 1879 237 1932 ut
265 1875 428 1933 nuntiarem
450 1873 621 1934 celsitudini
641 1875 773 1946 Vestrae,
804 1875 880 1950 quod
905 1891 935 1934 se
966 1875 1008 1934 illi
1036 1893 1071 1936 ex
1100 1877 1195 1936 enimc

64 1977 232 2036 commendat.
278 1979 391 2038 Deinde
411 1979 485 2051 petit
505 1996 523 2037 a
542 1995 602 2050 mc,
623 1985 656 2036 ut
675 1979 809 2050 scribom,
838 1995 894 2051 quo
914 1980 944 2036 in
965 1984 1042 2038 stetu
1066 1981 1124 2037 sint
1149 1995 1196 2039 res

63 2075 226 2140 illustrissimi
260 2081 311 2140 filii
342 2083 525 2156 primogeniti
556 2082 637 2141 ducis
666 2081 806 2142 Johannis
840 2081 982 2141 Friderici
1011 2081 1102 2142 felicis
1136 2100 1196 2142 me·

64 2183 169 2258 uoriae',
189 2185 269 2245 idest
289 2203 324 2244 en
346 2187 404 2246 sint
423 2187 520 2260 aliquo
541 2187 626 2246 modo
647 2193 739 2246 auctos
760 2192 878 2261 propter
891 2193 1011 2246 mortem
1023 2187 1195 2246 (1111111111-

63 2285 123 2356 ridi,
152 2289 218 2360 quie
238 2289 303 2362 ipsc
324 2289 439 2351 dominu
465 2291 578 2351 ducissa
598 2291 724 2364 audivit,
752 2291 853 2351 ducem
874 2291 1035 2364 Augustum
1065 2291 1195 2366 qnaedum

64 2395 141 2448 usna
159 2401 208 2450 unt
228 2394 338 2467 oppido
358 2395 472 2456 dedisse
493 2396 548 2469 ipsi
568 2396 774 2471 primogenito,
805 2401 835 2454 et
860 2400 979 2467 cuperet
1009 2396 1099 2466 scire,
1128 2411 1195 2452 num

63 2509 86 2549 re
103 2511 165 2553 vere
184 2498 226 2556 ita
247 2496 287 2556 sit
298 2483 318 2554 ⁸.
359 2499 421 2570 Ego
441 2501 556 2572 itaque,
578 2515 665 2572 quum
687 2515 722 2556 ex
742 2515 787 2557 me
808 2497 878 2556 nihil
900 2497 973 2556 certi
993 2498 1098 2569 possim
1119 2495 1193 2555 scire

62 2593 103 2651 huc
120 2597 147 2653 in
166 2615 213 2663 re,
235 2599 338 2674 putavi
358 2601 515 2674 rogandam
537 2599 744 2660 celsitudinem
765 2599 907 2670 Vestrum,
928 2600 952 2658 si
973 2599 1061 2658 vellet
1082 2599 1195 2674 dignari

63 2699 89 2756 ud
106 2717 147 2760 me
166 2704 305 2774 scribere,
326 2721 362 2762 uu
383 2706 593 2764 illustrissimus
608 2707 657 2764 ille
671 2708 877 2780 primogenitus
892 2711 1061 2764 consecutus
1075 2707 1112 2764 sit
1126 2720 1195 2778 opes

63 2811 101 2861 un
119 2814 209 2868 castra
230 2808 331 2883 aliqua
349 2819 414 2884 post
433 2817 556 2871 mortem
573 2811 714 2870 Mauritii.
744 2812 817 2870 Nem
838 2827 891 2882 ego
912 2809 1048 2882 quiequid
1062 2809 1196 2867 cVestrc
1246 2837 1248 2842 ·

63 2903 222 2969 Celsitudine
239 2911 456 2986 intellexissem,
469 2915 566 2972 stetim
581 2914 619 2972 nd
635 2913 662 2973 d.
679 2914 819 2972 ducissam
834 2914 997 2973 scriberem.
1020 2912 1194 2972 Commendo

61 3025 97 3069 ne
114 3021 282 3076 reverenter
300 3019 404 3090 pietati
426 3023 456 3076 et
477 3019 591 3098 caritati
612 3018 733 3079 Vestrae.
774 3019 809 3076 D.
832 3019 918 3078 Jcsus
937 3022 1043 3089 augeat
1064 3015 1195 3076 omnibns

25 3115 29 3124 '
62 3111 124 3172 done
141 3119 280 3178 coelestis.
570 3165 573 3169 .
974 3123 978 3134 '

126 3220 299 3295 Stntgsrdiae
320 3221 368 3280 die
390 3227 405 3281 7
428 3223 498 3295 Apr.
523 3223 606 3282 1554.
1038 3296 1041 3302 Ι

950 3327 1115 3398 vergerius.

608 3604 635 3660 9.

347 3723 474 3811 Herzog
497 3724 671 3810 Christoph
694 3748 735 3791 an
758 3724 891 3812 Verger.

472 3839 600 3912 Concept
620 3840 681 3897 sine
704 3839 780 3897 dcto.

121 3938 246 3995 Animort
265 3941 316 3995 auf
331 3959 359 3995 ιι.
378 3943 403 3996 8.

83 4086 86 4092 .
128 4033 172 4094 Ex
192 4041 246 4098 tuis
273 4039 467 4098 intelleximus
492 4040 606 4112 litteris,
636 4055 691 4112 que
719 4057 771 4098 nos
801 4041 886 4096 animi
919 4039 1069 4104 affectione
1098 4053 1195 4111 prose-

613 4173 627 4205 ss

124 4243 135 4294 l
175 4284 180 4297 ·
231 4289 236 4301 .
277 4291 282 4303 .
321 4291 327 4303 .

123 4243 424 4390 uffognnnrffiedrich
444 4352 500 4389 war
519 4335 536 4388 4
556 4335 631 4390 Mdrz
651 4335 718 4388 1554
737 4334 895 4403 gestorben.

125 4417 383 4476 31111111·-

111 4525 194 4582 verger
