2852 5076
48 375 107 430 1555
573 382 614 444 st

45 564 130 608 55555
148 554 198 620 555,
219 548 295 622 qnod
314 549 409 624 inquit
427 551 552 624 Spiritus
572 557 702 612 sanctus:
733 552 799 612 Non
820 553 956 625 cognovit
976 553 1099 614 mundus
1118 569 1172 630 555

45 651 194 722 sapientiam
219 651 321 710 Deum.
362 653 461 713 Bonus
487 655 543 714 1555
571 656 615 715 515
640 657 756 715 555155
785 655 856 714 nihil
877 657 958 716 55515
985 659 1016 717 15
1036 673 1106 718 5555
1125 674 1171 720 55·

44 755 287 830 11515555555555,
307 758 433 832 iuquam,
454 775 547 818 555555
567 763 620 830 555,
642 775 675 818 55
694 775 731 818 55
746 775 825 818 5555
840 757 956 832 quidem
973 759 1062 820 novit.
1091 759 1172 820 Inter

45 858 98 928 5115,
116 857 161 916 511
180 861 297 933 egregie
318 862 382 936 ejus
402 875 526 920 crassam
545 862 757 934 ignorationem
777 861 927 936 patefecit,
947 863 1002 923 hoo
1018 868 1097 924 erat:
1118 881 1171 938 pu·

46 962 199 1021 51555515
218 969 312 1024 totum
333 967 516 1041 evangelium
535 968 650 1042 integre
671 969 814 1029 contineri
834 969 863 1028 in
883 970 1007 1041 missali,
1035 968 1085 1029 uhi
1104 975 1172 1030 5555

50 1063 138 1122 tautum
151 1063 275 1126 frustula
290 1068 432 1142 55555155,
453 1069 636 1142 addebatque
651 1071 724 1130 511511
738 1071 769 1132 15
782 1075 880 1146 reguis
894 1089 958 1134 esse
973 1074 1171 1148 perniciosius,

49 1185 114 1240 quau
128 1172 227 1244 sinere,
249 1179 283 1232 ut
303 1189 402 1233 omues
422 1178 540 1248 possent
560 1173 632 1232 illud
653 1173 829 1250 inteIfigere.
865 1175 920 1236 Hic
941 1191 1011 1238 uero
1032 1193 1095 1236 cunr
1116 1191 1170 1254 ego

45 1272 78 1330 1111
95 1275 232 1334 moderate
252 1277 431 1350 resisterem,
453 1277 485 1337 55
503 1273 559 1336 hon
575 1293 667 1350 pauoa
681 1277 717 1336 de
731 1283 830 1338 nostra
845 1279 977 1340 doctrina
989 1281 1170 1354 1555155555,

45 1377 83 1435 1115
102 1395 210 1440 exorsus
230 1380 385 1456 fabellam,
406 1399 472 1456 quae
492 1384 522 1442 in
542 1383 681 1455 Hispania
701 1383 862 1444 accidisset.
902 1385 977 1445 Erat
996 1384 1121 1463 (inquit)
1141 1387 1170 1444 in

45 1497 141 1543 carcere
159 1485 297 1558 Maurus,
328 1487 365 1546 515
386 1505 443 1562 555
464 1493 529 1548 5555
548 1488 716 1548 sumendum
738 1488 923 1562 supplicium
950 1491 1072 1550 55555515
1091 1505 1171 1549 555-

45 1575 114 1644 55155
131 1587 290 1662 Η1555555,
320 1591 353 1647 55
377 1606 443 1649 555
463 1591 501 1650 55
521 1588 608 1650 115155
629 1590 737 1650 Christi
766 1598 965 1666 converteret;
991 1599 1171 1656 tentavero

44 1687 86 1747 fnit
98 1689 225 1752 efficaoiae
236 1695 359 1754 Maurus
379 1697 409 1755 in
430 1695 561 1769 dicendo,
583 1697 726 1772 5515555
747 1697 916 1758 monachum
936 1699 966 1758 in
986 1697 1073 1758 fidem
1086 1699 1171 1760 Mau·

47 1809 125 1852 rorum
142 1796 289 1870 55555515,
303 1799 345 1858 ita
365 1804 395 1862 et
421 1804 468 1872 tu,
491 1798 628 1874 Vergeri,
656 1799 724 1860 dum
751 1801 833 1874 cupio
853 1802 907 1862 tibi
927 1803 1119 1878 persuadere,
1139 1811 1173 1866 55

45 1898 350 1969 55515555515555555,
381 1899 443 1960 1555
470 1903 620 1976 5555515
647 1902 830 1962 5515555555.
872 1903 925 1964 Cui
945 1921 1014 1978 ego:
1056 1904 1171 1966 Utinam

47 2007 153 2074 possem!
173 2023 230 2066 non
248 2007 432 2068 5515555515
447 2008 544 2081 555155,
565 2008 616 2068 5551
630 2010 798 2082 sanguinem
812 2013 842 2068 et
858 2007 946 2068 vitam
958 2007 1171 2083 profunderem.

44 2105 74 2163 Et
89 2109 126 2166 sio
144 2127 207 2170 eum
224 2111 331 2172 dimisi.
363 2111 506 2174 seminavi
522 2113 643 2186 seilicet3
666 2115 690 2172 si
702 2112 817 2188 quidem
832 2113 890 2170 5515
906 2129 942 2172 555
962 2112 1071 2186 5155515,
1091 2113 1171 2172 Deus

45 2211 157 2273 educabit
176 2234 286 2291 sennen,
307 2219 350 2276 sin
371 2219 474 2292 minus,
495 2235 559 2278 mea
578 2219 746 2294 pradicatio
765 2218 809 2277 ilfi
830 2217 934 2276 erit'in
956 2217 1170 2277 condemnatio-

44 2333 106 2392 555;
137 2327 214 2382 55555
245 2323 356 2382 audivit
380 2323 435 2383 sibi
462 2323 614 2396 praedicari
635 2321 828 2396 evangelium,
856 2339 890 2382 ac
910 2321 1006 2383 forsan
1027 2337 1171 2396 nunquam

33 2420 151 2498 ¹liberius,
171 2429 322 2486 15555555
336 2424 464 2486 arbitror
479 2443 622 2499 nunquam
636 2432 724 2486 antea
739 2425 821 2484 illurn
842 2426 993 2499 audivisse,
1016 2425 1064 2499 qui
1079 2423 1170 2484 iibere

45 2530 205 2600 explicaverit
227 2531 315 2591 1151555
335 2538 472 2592 nostrum.

102 2636 160 2696 Hoo
181 2639 260 2697 enim
280 2639 358 2698 inter
378 2620 478 2698 cetera
505 2637 579 2711 dixi3
610 2637 736 2711 petierat
765 2651 784 2694 a
810 2649 855 2694 rue
880 2631 942 2693 1555
962 2633 992 2692 15
1013 2633 1089 2692 15555
1109 2649 1169 2692 5ο-

46 2734 108 2796 155;
146 2741 189 2800 Tu
212 2757 283 2814 ergo
303 2757 421 2816 prorsus
441 2741 586 2800 consentis
607 2756 669 2798 555
689 2737 883 2798 Lutheranis?
909 2738 1008 2810 atquin
1037 2752 1091 2812 ego
1112 2737 1170 2796 vidi

44 2844 65 2896 15
88 2844 238 2918 5115555515
268 2863 401 2918 magnum
432 2846 543 2905 hostem
573 2845 698 2904 iilorurn.
744 2843 807 2916 Ego
834 2858 903 2900 vero
930 2840 1081 2914 respondi:
1123 2839 1171 2900 Sio

43 2952 172 3010 consentio·
187 2958 218 3010 55
239 2958 321 3011 55555
341 2955 400 3011 5515
421 2969 484 3012 esse
507 2949 661 3020 verissima,
683 2963 747 3021 quae
764 2947 911 3006 Lutherus
932 2946 1031 3006 docuit
1051 2951 1081 3004 et
1102 2945 1170 3005 sub-

42 3051 115 3112 scribo
133 3057 176 3115 1111
196 3057 397 3132 addehsmque
418 3056 569 3125 rationem,
591 3055 659 3128 quia
679 3051 803 3111 55555515
827 3051 956 3112 articulis
973 3049 1043 3110 fidei
1064 3051 1095 3109 55
1114 3049 1169 3122 his,

43 3170 92 3225 qua
109 3161 137 3218 in
155 3160 341 3236 propheticis,
363 3160 536 3234 evangelicis
556 3167 643 3233 atque
664 3156 830 3232 apostolicis
843 3156 959 3230 scriptis
973 3153 1169 3224 continentur,

42 3262 217 3336 reliquarum
238 3267 282 3326 his
301 3269 459 3341 pugnantia
480 3265 652 3340 repudiavit.
693 3263 800 3322 Verum
827 3262 876 3320 ille
903 3267 966 3320 tum
985 3259 1170 3332 obstupesce·

43 3361 95 3438 bat,
124 3361 188 3443 quia
213 3371 354 3430 animalis.
396 3372 455 3430 Nos
475 3387 544 3430 vero
571 3375 728 3444 perpetuas
757 3370 864 3442 gratias
890 3365 975 3425 decet
998 3379 1086 3439 agere
1107 3365 1170 3423 Deo

44 3481 152 3546 semper,
179 3475 257 3548 quod
278 3473 393 3548 eligerit
412 3491 464 3533 nos
484 3474 514 3531 in
535 3474 675 3545 5515555,
706 3475 735 3532 15
756 3471 983 3531 sanctificatione
1003 3469 1121 3542 spiritus
1141 3474 1171 3527 et

44 3567 298 3652 intraverimus,
323 3581 353 3636 in
379 3595 435 3653 qua
456 3580 486 3636 et
512 3579 625 3639 vocavit
651 3594 703 3636 nos
728 3593 781 3650 per
811 3576 992 3650 evangelium
1017 3577 1046 3633 in
1072 3573 1169 3647 acqui·

45 3679 157 3740 titionem
175 3687 276 3758 gloriae
296 3683 403 3744 donnini
423 3686 515 3744 nostri
535 3686 607 3744 Jesu
629 3683 745 3742 Christi.
787 3687 804 3740 2
825 3683 863 3741 551
883 3681 983 3740 Thess.
1006 3684 1033 3738 2.

107 3785 273 3848 1155555515
294 3805 340 3848 55
361 3787 534 3848 Oelsitudini
553 3789 667 3848 Vestrae
688 3793 867 3846 reverenter.

109 3889 277 3967 Gcsppingae·
290 3893 345 3952 XV
366 3891 520 3952 Februarii
544 3892 627 3950 1555.

197 3998 348 4072 'Ejusdem
369 3995 557 4057 Oeisitudinis
578 3995 690 4054 Vestrae
711 3993 826 4053 humilis
847 4008 948 4053 servus

471 4081 478 4094 Χ
925 4095 1092 4170 Vergerius.

179 4206 366 4284 Postscripta.

111 4305 169 4368 Non
188 4311 297 4386 dubito,
319 4313 388 4386 quin
398 4311 504 4371 Vestra
520 4308 670 4368 celsitudo
689 4306 817 4368 audierit
836 4320 911 4366 nova
932 4319 969 4362 ex
985 4301 1105 4377 Anglia3
1125 4305 1171 4358 ta·

48 4419 103 4466 555
119 4415 237 4493 scribam,
259 4433 325 4491 quse
346 4433 422 4476 5555
441 4415 542 4487 555551
562 4430 598 4473 ex
617 4412 725 4474 litteris
746 4413 915 4486 Anglorum,
936 4410 985 4482 qut
1001 4407 1170 4481 argentinae

93 4516 172 4574 verger
946 4513 961 4564 7
