2862 5080
624 353 685 419 355

631 607 693 664 130.

380 725 504 810 Verger
527 749 569 790 an
594 725 716 810 herzog
739 727 925 816 Christoph.

436 856 572 915 Wildbad
596 861 631 914 10
653 859 767 932 August
791 863 873 918 1562.

152 965 298 1022 Berichtet
318 967 385 1021 iiber
404 967 479 1022 seiae
499 967 625 1023 bcdelrur
651 971 707 1024 und
732 971 794 1025 eine
821 974 1036 1040 unungenebme
1054 973 1231 1037 klatuoherei,

82 1064 106 1116 in
128 1063 176 1118 die
195 1081 225 1118 er
245 1063 479 1133 hineiugeratben
499 1065 546 1122 sei.

159 1161 356 1222 illustrissime
379 1162 516 1238 Princeps
537 1173 565 1224 et
588 1167 709 1225 Domine
732 1169 853 1228 Domine
876 1169 1121 1228 Glerneutissimei

158 1265 214 1322 Fui
237 1267 264 1322 iu
283 1267 365 1340 aquis
386 1269 593 1340 quiniquaginta
614 1269 701 1342 boris,
723 1275 916 1344 perseverabo
936 1272 976 1348 (si
993 1275 1069 1332 ileos
1091 1275 1228 1349 voluerit)

81 1369 175 1426 adhuc
199 1369 399 1443 septuaginta,
433 1380 466 1430 ut
491 1373 529 1432 sit
549 1374 634 1444 plena
662 1374 783 1446 lavatio;
816 1378 912 1446 credo,
938 1385 1098 1452 postremas
1118 1376 1231 1436 intimas

79 1472 150 1530 mibi
172 1471 224 1531 bas
247 1475 387 1542 thermas.
410 1493 480 1558 quas
501 1477 634 1550 tentabo,
665 1479 751 1538 iaciat
771 1490 874 1554 postca
897 1483 1033 1542 Dominus
1054 1483 1232 1541 voluntatem

81 1593 174 1650 susus,
197 1581 286 1654 ipsius
307 1599 404 1639 sumus
425 1583 485 1641 sive
506 1585 600 1644 claudi
622 1591 650 1642 et
673 1585 829 1660 debilitati,
856 1589 916 1646 sive
939 1587 1070 1659 vivimus,
1093 1589 1151 1646 sive
1172 1578 1231 1645 mo·

79 1685 180 1742 mmor.
213 1684 270 1744 Ubi
291 1703 336 1743 me
353 1687 418 1746 binc
432 1689 592 1760 absolvero,
614 1691 690 1764 qnod
712 1693 787 1750 circa
808 1691 892 1750 tinem
914 1691 1000 1764 bujus
1021 1693 1126 1750 mensis
1147 1707 1231 1765 spero

81 1787 229 1861 laturum,
261 1791 297 1848 ad
326 1791 457 1850 Vestram
489 1793 712 1852 illustrissimam
743 1795 951 1854 Uelsitudiuem
982 1796 1132 1868 accedam,
1166 1802 1232 1854 suut

80 1895 159 1950 enim
181 1893 251 1952 mibi
274 1896 429 1966 negotiola.
471 1897 587 1956 interea
609 1897 701 1958 babeo
723 1898 843 1972 aliquid,
865 1899 940 1972 quod
962 1915 1006 1956 ure
1028 1907 1152 1972 torquet.

159 1999 248 2058 Venit
261 1990 324 2058 'bac
343 2000 380 2058 ad
400 2018 445 2058 me
474 2020 509 2060 ex
531 2003 616 2061 italia
642 2011 710 2062 ente
740 2003 886 2062 octiduum
915 2003 1031 2077 quidem
1060 2005 1151 2062 bonus
1178 2005 1230 2070 vir,

78 2103 233 2176 imperitus
255 2121 363 2176 rerum,
385 2107 433 2180 qni
456 2106 622 2180 nuntiabat,
651 2106 753 2168 lamam
776 2125 838 2168 esse
860 2110 887 2166 in
911 2107 1010 2178 italia,
1034 2107 1140 2180 Papam
1162 2123 1226 2165 esse

78 2208 106 2264 in
130 2207 256 2280 quodam
278 2208 397 2276 delirio,
427 2211 495 2282 quin
517 2187 594 2284 quod
616 2209 692 2269 idem
713 2211 861 2269 diceretur
882 2211 918 2269 de
939 2209 1053 2268 Gaesare
1074 2208 1123 2285 (an
1144 2209 1230 2267 intel·

77 2312 188 2383 ligaret
208 2313 406 2385 spiritualiter,
428 2314 555 2393 nescio),
585 2315 660 2388 quiid
682 2323 801 2386 urgeret
822 2313 1041 2374 edificationem
1064 2313 1229 2372 monasterii

76 2415 265 2488 Jesuitarum,
287 2433 349 2476 cum
373 2417 475 2492 quibus
497 2417 584 2475 vellet
605 2433 635 2474 sc
657 2417 806 2476 includere
828 2417 944 2474 dimisso
960 2415 1105 2473 Bolremiae
1126 2421 1156 2474 et
1171 2413 1230 2473 Uu-

76 2521 168 2590 gariae
189 2537 288 2592 regno.
329 2521 376 2579 Sic
404 2522 454 2579 ille
482 2522 611 2595 ineptus,
643 2522 843 2595 addebatque,
874 2538 929 2579 non
951 2537 1014 2577 esse
1036 2517 1230 2589 metuendum,

79 2625 157 2696 quod
185 2625 266 2696 Papa
296 2631 326 2684 et
354 2623 451 2683 Caesar
476 2631 573 2683 essent
603 2625 707 2684 tacturi
737 2624 844 2683 bellum
871 2623 1040 2682 Germaniae.
1083 2620 1229 2692 Quispiam

77 2731 188 2788 amicus
210 2745 297 2800 meus,
320 2731 442 2788 servitor
458 2731 662 2799 illustrissimae
677 2729 863 2787 (lelsitudinis
875 2728 986 2785 Vestrae
1001 2725 1120 2798 petebat
1134 2739 1151 2782 a
1171 2741 1225 2794 me,

77 2829 147 2902 quid
169 2829 236 2888 n'ovi
257 2830 404 2890 attulisset
425 2847 459 2888 ex
480 2833 566 2890 ltalia
587 2831 690 2904 hospes
718 2848 814 2900 meus3
846 2829 997 2888 subridens
1023 2829 1065 2886 illi
1093 2829 1161 2900 uni,
1194 2835 1225 2886 et

78 2935 196 3006 quidem
216 2936 246 2992 in
267 2951 381 3008 aurem,
404 2938 549 3010 respondi,
570 2953 635 3008 quae
656 2938 788 3010 superius
810 2935 938 3006 recitavi,
958 2933 1068 2992 adderis
1089 2949 1152 2991 esse
1173 2949 1225 2989 nu-

78 3054 141 3110 gas.
182 3039 243 3096 Iste
265 3038 355 3097 bonus
376 3041 420 3098 vir
440 3042 538 3100 statim
559 3043 682 3100 accurrit
704 3041 740 3099 ad
761 3041 902 3098 illustrem
925 3039 1070 3096 dominum
1092 3036 1225 3124 comitem

77 3141 116 3199 ab
137 3141 326 3216 Helfcstaim,
348 3147 396 3217 qui
418 3145 463 3202 bic
484 3145 561 3203 lavat
583 3145 683 3221 (credo
705 3145 732 3201 d.
755 3143 910 3216 Georgium
933 3141 1076 3217 tremine),
1103 3147 1133 3199 et
1153 3155 1228 3197 nova

77 3247 131 3305 illa
149 3248 249 3322 inepta
270 3249 324 3307 soli
345 3251 454 3308 retulit.
497 3251 592 3321 Quare
622 3267 674 3308 sua
700 3249 826 3322 dignitas
853 3247 988 3306 erar-duit
1012 3246 1173 3304 mirandum
1194 3247 1223 3302 in

77 3352 193 3410 modum
224 3360 254 3411 et
281 3353 352 3412 dixit
384 3353 484 3413 decem
504 3360 555 3411 aut
575 3352 627 3410 XV
649 3353 844 3419 sortientibus,
874 3368 905 3410 se
928 3349 1001 3407 velle
1024 3349 1060 3405 de
1082 3363 1117 3407 ea
1137 3347 1228 3406 read

77 3453 240 3513 Oaesaream
263 3455 449 3528 Majcstatem
477 3456 602 3514 scribere
624 3462 653 3514 et
675 3458 711 3515 ad
733 3457 865 3515 Vestram
886 3453 1114 3511 illustrissimam
1136 3453 1227 3511 Celsi·

78 3555 219 3614 tudinem.
251 3547 309 3614 Sed
330 3557 398 3630 quid
420 3559 537 3631 peceavi
558 3559 771 3617 miserhomo?
803 3557 875 3616 Rem
896 3558 945 3616 uui
967 3559 1100 3616 servitori
1122 3556 1226 3615 Vestro

79 3658 129 3733 (ut
147 3659 219 3736 dixi)
241 3663 464 3731 communicavi,
497 3665 533 3722 ab
560 3663 618 3723 alio
645 3663 791 3735 auditam,
823 3680 917 3737 nequo
946 3661 1057 3721 affirmo
1078 3679 1129 3734 pro
1151 3677 1228 3720 vera.

79 3762 144 3822 Hoc
163 3773 323 3824 meumes
344 3775 509 3838 peccatum,
539 3775 610 3841 puto
639 3767 707 3826 mihi
736 3767 870 3839 imputari
892 3775 1013 3842 propter
1033 3767 1229 3825 diversitatem

79 3867 247 3943 religionis,
279 3888 344 3928 uam
366 3880 396 3932 et
416 3879 571 3944 antequam
593 3871 648 3930 ista
670 3872 871 3943 contigissent,
893 3877 975 3926 torve
996 3886 1041 3926 me
1063 3867 1228 3942 aspiciebat.

79 3969 150 4028 Fiat
169 3973 300 4032 voluntas
320 3975 445 4046 Domini,
465 3974 514 4031 ille
535 3973 604 4030 mibi
625 3976 755 4045 ignoscat
777 3981 806 4030 et
819 3972 968 4031 Celsitudo
985 3973 1096 4045 Vestra,
1119 3973 1142 4030 si
1162 3989 1228 4045 pec·

81 4076 147 4132 cavi
165 4092 281 4149 rerera3
308 4087 426 4152 oportet
446 4081 506 4152 pati
527 4079 713 4136 christianum
742 4079 899 4150 bominem,
929 4095 983 4153 ego
1012 4079 1059 4136 uni
1082 4077 1231 4136 dorutaxat

81 4179 230 4253 dixeram,
261 4189 293 4242 at
311 4184 431 4244 illustris
458 4184 590 4242 dominns
616 4200 712 4242 comes
740 4184 885 4255 evulgavit
915 4183 976 4254 ipse
1009 4184 1084 4240 iuter
1113 4183 1228 4239 multos.

82 4282 256 4346 Commendo
276 4303 321 4346 me
343 4295 520 4347 reverenter.
552 4289 642 4348 Pater
662 4289 787 4347 coelestis
808 4295 914 4360 augeat
935 4286 1093 4346 Serenitati
1117 4285 1228 4344 Vestrae
1290 4336 1291 4340 ,

82 4402 152 4444 suos
171 4389 281 4450 divinos
301 4391 464 4462 thesauros,
484 4393 617 4468 spiritum
637 4401 668 4452 et
687 4391 772 4451 fidem
787 4407 840 4463 per
860 4393 960 4450 Jesum
980 4389 1133 4448 Christum.

957 4494 992 4550 23
1004 4498 1018 4527 ¹*
