2830 5072
1307 375 1353 426 llll
1404 441 1405 456 1

234 547 363 620 quotidie
385 547 484 618 magis,
506 539 562 620 quo
579 550 693 606 nominc
713 563 768 619 ago
789 549 897 619 gratias
918 547 997 604 Patri
1019 547 1148 617 codesti3
1175 548 1199 604 si
1219 534 1356 605 hominihus

232 631 391 725 placerem,
423 665 523 708 servus
554 649 659 709 Christi
692 668 748 709 non
781 667 881 710 essem.
930 651 1106 708 oonmenoo
1138 667 1182 707 mo
1213 661 1356 709 reverenter
1404 659 1405 664 ’

233 755 438 814 illustrissimae
459 754 630 812 tlelsitudiui
643 756 765 814 Vestrae.
797 756 886 813 Pater
906 756 1033 813 coelestis
1054 762 1161 826 augeat
1180 755 1221 812 illi
1241 763 1269 812 et
1287 757 1356 813 ounni-

232 860 286 918 bus
306 875 375 918 suos
394 859 506 916 divinoe
527 860 686 929 thesauros,
708 861 840 933 spiritum
862 866 891 917 et
905 859 990 917 fidem
1009 875 1062 930 per
1078 858 1221 916 Christum
1236 860 1355 917 dominun

233 971 371 1022 nostrum.
914 975 915 978 ’

311 1077 449 1149 Tubingae
470 1078 517 1135 die
541 1083 577 1134 14
599 1077 777 1150 Septembris
802 1081 885 1136 1561.

458 1182 664 1241 illustrissimae
687 1183 874 1243 delsitudiuis
896 1183 1007 1240 Vestrae
1029 1181 1155 1239 servitor

1137 1285 1298 1359 Vergerhrs.

776 1550 840 1606 127.

536 1677 660 1763 Verger
683 1699 724 1742 an
748 1679 869 1763 herzog
891 1677 1076 1764 christoph.

541 1803 712 1880 depingen
735 1809 771 1863 25
793 1807 964 1879 September
987 1810 1070 1864 1561.

302 1932 397 2000 Frugi,
417 1927 454 1980 ob
473 1945 503 1980 er
521 1928 612 1981 cinctu
632 1927 706 1982 heim
728 1927 830 1997 herzog
849 1927 1090 1996 ongekommenen
1110 1927 1264 1981 Franzosen
1283 1926 1356 1980 sciren

230 2027 322 2084 neffeu
337 2023 464 2079 Aurelius
484 2023 626 2090 mitgeben
641 2023 747 2085 konne;
768 2021 895 2075 wtinsoht
908 2023 994 2076 aelbst
1008 2022 1080 2075 nach
1095 2021 1194 2075 Trient
1208 2021 1273 2075 oder
1284 2019 1356 2086 Poissp

231 2143 265 2178 ru
304 2123 384 2178 ehen.

284 2141 507 2278 gillustrissime
529 2218 667 2290 Princeps
689 2223 719 2274 et
740 2217 861 2274 Domine
883 2215 1004 2275 Domine
1026 2215 1269 2275 clementissime!

309 2325 404 2383 Hodie
425 2341 487 2382 curn
509 2323 706 2382 illustrissima
726 2322 831 2380 Vestra
851 2321 999 2380 Oelsitudo
1020 2321 1137 2379 adesset
1158 2321 1357 2392 pranderetque

229 2447 283 2503 ego
304 2446 382 2488 eram
403 2429 431 2486 in
454 2430 543 2501 aquis,
565 2434 597 2484 ut
618 2443 674 2484 non
695 2428 797 2484 liceret
817 2426 969 2494 accedere.
1000 2425 1105 2484 Audivi
1127 2441 1206 2498 nero,
1228 2426 1357 2483 advenisse

229 2536 342 2593 interea
369 2549 472 2591 novum
493 2531 634 2604 quendam
656 2531 798 2588 hominem
821 2547 857 2588 ex
879 2531 981 2590 Galliis
1002 2531 1039 2588 ad
1061 2531 1197 2588 Vestram
1217 2525 1357 2616 illustrissi-

229 2655 302 2695 mam
324 2636 530 2695 Celsitudioonr
554 2637 677 2693 missurn.
716 2635 893 2693 Discruciavi
915 2651 968 2706 me,
991 2636 1067 2708 quod
1089 2637 1126 2692 ad
1147 2635 1294 2707 prandium
1315 2647 1357 2688 nou

229 2744 385 2812 venissem,
415 2741 496 2814 aquis
518 2743 603 2798 etiam
625 2739 805 2797 intermissis.
848 2739 904 2798 Sed
926 2757 988 2797 curo
1014 2741 1110 2811 sciam,
1138 2740 1254 2824 capillos
1273 2735 1358 2809 capitis

1400 1412 1404 1505 t

231 2852 396 2904 numeratos
417 2861 495 2916 esse,
527 2846 579 2901 tuli
604 2863 687 2917 aequo
712 2847 816 2903 animo,
857 2847 930 2903 Nam
956 2862 1017 2903 sum
1039 2847 1267 2918 interpretatae,
1298 2838 1357 2914 quod
1399 2867 1400 2889 2

229 2967 286 3008 non
307 2949 395 3008 luerit
416 2952 549 3008 voluntas
570 2951 633 3008 Dei.
674 2950 815 3022 t'lptnbom
840 2950 1092 3024 (quemadmodum
1114 2950 1210 3008 adhuc
1230 2945 1305 3022 opto)
1322 2948 1354 3002 iu·
1400 2933 1401 2936 ¹

229 3053 371 3126 telligere,
403 3054 523 3129 (praeter
543 3053 656 3128 cetera)
677 3061 791 3112 essetne
814 3057 869 3111 iste
889 3071 941 3125 pen·
962 3055 1117 3126 dispositos
1138 3071 1228 3127 equos
1250 3071 1283 3110 an
1302 3063 1355 3108 uero

229 3159 315 3216 aliter
334 3158 490 3216 rediturus.
534 3159 605 3216 Nam
628 3161 651 3215 si
673 3177 728 3216 non
749 3177 802 3232 pen·
823 3160 991 3232 dispositos,
1020 3161 1072 3217 scd
1093 3159 1265 3218 mercatorio
1284 3170 1354 3218 more,
1403 3191 1404 3196 η

230 3262 382 3320 voluissem
403 3263 445 3319 illi
467 3263 628 3335 adjungere
650 3279 742 3321 meum
766 3273 898 3337 nepotem
913 3265 930 3334 ¹,
953 3266 1000 3337 qui
1023 3265 1058 3322 ad
1079 3264 1289 3335 jureconsultus
1306 3257 1357 3316 Gal·

229 3367 300 3424 licos
321 3367 432 3424 Vestrae
455 3367 640 3426 celsitudinis
671 3368 810 3426 beneficio
838 3368 1036 3439 proiecturae,
1068 3385 1213 3441 nunquam
1242 3367 1358 3424 hactenus

229 3469 322 3540 potuit
343 3471 492 3540 iuvenire,
525 3472 570 3527 cui
593 3489 623 3528 sc
645 3475 854 3544 conpungeret,
885 3474 1002 3545 ignarus
1024 3474 1129 3544 linguar
1151 3480 1240 3544 atque
1260 3466 1356 3527 itineris.

229 3573 324 3644 Quare
346 3571 392 3628 isti
416 3572 531 3644 homini,
554 3574 602 3646 qui
623 3593 715 3646 nuper·
737 3576 823 3646 venit,
844 3575 924 3632 illurn
947 3575 1072 3632 libenter·
1092 3575 1292 3646 adjunxissem.

306 3677 406 3748 Mitto,
429 3677 504 3749 quod
525 3685 682 3750 optassem,
710 3680 745 3736 de
767 3681 843 3738 illius
863 3681 947 3750 regni
968 3687 1044 3738 statu
1065 3681 1173 3736 certior
1194 3678 1264 3736 fieri,
1302 3673 1355 3731 h'arn
1401 3657 1402 3668 ¹

226 3780 256 3836 id
275 3782 408 3838 aVestra
420 3780 580 3840 Clementia
594 3784 754 3855 intelligam
776 3785 823 3860 (ut
838 3784 938 3857 spero)
959 3801 1023 3842 cum
1044 3783 1241 3854 Stutgardiarn
1262 3791 1355 3838 renero.

307 3885 335 3941 Si
357 3885 478 3944 audiero
500 3889 585 3944 istum
607 3893 687 3944 recto
707 3889 735 3943 in
758 3887 882 3944 Galliam
909 3886 1071 3944 rediturum
1103 3885 1174 3958 (uon
1203 3893 1292 3944 touton
1313 3891 1355 3950 per

227 4005 315 4062 equos
336 3991 469 4064 celeres),
493 3993 683 4049 intermittam
705 4008 757 4062 per
778 3991 849 4048 duos
865 3991 927 4048 dies
943 3991 1117 4048 lavationem
1136 3998 1166 4048 ct
1182 3985 1352 4060 Stutgardiaur
1400 3987 1401 4028 ἓ

226 4095 347 4162 reniero,
369 4101 401 4152 ut
422 4096 464 4152 illi
487 4102 620 4167 nepotem
642 4096 808 4167 adjungam.

306 4196 421 4255 Utinam
442 4197 638 4257 illustrissima
652 4197 799 4258 Celsitudo
816 4199 919 4256 Vestra
934 4197 1076 4268 dignetur·
1098 4213 1133 4254 ea
1154 4198 1190 4255 de
1211 4211 1241 4253 re
1261 4195 1351 4250 litteras

793 4323 809 4356 ,a

295 4413 304 4463 l
328 4412 354 4464 S.
375 4430 402 4464 n.
424 4413 472 4465 121
493 4411 549 4467 arod
572 4415 629 4470 128.
