2852 5076
803 559 848 615 52.

551 659 676 747 Verger
699 684 741 726 an
764 663 884 746 herzog
907 661 1091 745 Christoph.

593 775 739 848 Stuttgart
760 779 796 834 23
819 775 944 834 October
967 777 1051 833 1557.

320 886 428 956 Verger
447 887 535 940 bittet
554 905 601 940 um
621 887 667 942 die
687 888 829 943 erlaubnis
852 907 883 942 zu
908 887 1055 942 heirathen
1073 887 1131 941 und
1150 887 1229 956 frhgt
1247 903 1281 939 an
1301 903 1369 954 uegen

251 983 299 1038 des
316 981 491 1038 aufenthalts
509 999 564 1036 von
584 983 704 1038 Isubella
723 983 900 1053 Mauriquez..

321 1077 465 1133 Gedruclrt
483 1079 530 1132 bei
549 1078 655 1134 Sattler
672 1079 719 1145 IV,
739 1079 802 1134 boil.
823 1081 864 1134 26.
884 1099 904 1134 ι.
922 1081 964 1134 66.

320 1173 376 1228 Das
394 1171 516 1241 original
536 1172 617 1227 nicht
635 1174 715 1228 mehr
733 1173 772 1227 im
791 1173 888 1229 archiv
908 1173 1093 1228 aufaufinden.

327 1271 524 1329 lllustrissime
547 1271 683 1344 Princeps
706 1276 735 1328 et
756 1271 878 1330 Domine
899 1272 1022 1330 Domine
1043 1271 1274 1330 Gratiosissirnel

327 1377 469 1434 Veneram
487 1375 692 1447 Stutgardiarn,
715 1392 770 1448 quo
783 1378 880 1448 putavi
896 1376 1030 1434 Vestram
1044 1375 1253 1434 Oelsitudinem
1270 1377 1371 1436 rediisse
1414 1352 1417 1398 ³

249 1487 282 1538 ut
313 1479 443 1554 quaedam
474 1486 643 1537 reverenter
673 1479 843 1538 conferrem.
887 1480 957 1537 Cum
990 1496 1054 1538 earn
1084 1481 1201 1538 minime
1233 1481 1371 1547 invenerint,
1413 1527 1414 1530 ,

247 1585 409 1658 Tubingaur
430 1585 534 1654 redeo;
562 1601 626 1642 uam
655 1587 852 1658 typographus
879 1585 968 1642 hahet
995 1585 1048 1642 sub
1074 1587 1156 1656 prelo
1179 1601 1272 1643 meam
1292 1585 1372 1642 tersio·
1413 1567 1415 1640 J

249 1707 314 1748 nern
336 1691 432 1749 italice
455 1691 586 1763 epistolae
608 1691 635 1748 d.
657 1691 770 1749 Brentii
785 1691 808 1761 ¹;
831 1692 892 1748 siue
914 1707 959 1749 me
981 1707 1049 1748 vero
1072 1689 1142 1746 nihil
1164 1698 1271 1760 posset,
1291 1691 1316 1746 iu
1333 1688 1371 1744 lta·

248 1796 311 1853 licie
332 1795 403 1869 dico.
446 1796 541 1866 Quare
563 1794 699 1852 lentulum
722 1813 814 1853 meuru
838 1813 900 1852 cum
921 1797 965 1852 his
986 1795 1093 1854 litteris
1114 1793 1206 1851 mitte.

329 1897 442 1968 Quanto
464 1897 554 1968 magis
576 1898 669 1954 Deum
690 1914 770 1969 rogo,
792 1897 882 1968 magis
907 1898 1000 1955 sentio
1017 1915 1062 1954 rue
1083 1898 1228 1970 inspirari,
1250 1905 1281 1956 ut
1299 1893 1373 1954 illan²
1413 1935 1414 1944 η

249 2001 279 2058 iu
300 2018 417 2060 uxorem
440 2002 550 2073 ducam,
573 2019 657 2073 quam
680 2018 774 2059 coram
797 2003 871 2073 dixi3
899 2008 969 2075 puto
991 2002 1108 2060 Patrem
1130 2003 1278 2061 coelestem
1297 2005 1322 2058 iu
1339 2000 1372 2056 do

250 2123 326 2164 rnum
347 2123 440 2164 meam
462 2107 585 2174 duxisse,
607 2113 641 2164 ut
662 2107 763 2166 dtrcaur
785 2108 872 2164 illarn.
915 2108 978 2178 Qua
1001 2109 1030 2164 in
1052 2123 1083 2163 re
1106 2109 1236 2180 supplico
1257 2124 1274 2164 a
1294 2107 1373 2162 l'estra

249 2212 444 2270 Illustrissima
461 2211 639 2268 Celsitudiue
654 2228 687 2268 ac
700 2227 751 2282 per
766 2211 909 2269 Christum
930 2227 1010 2284 rogo,
1031 2217 1063 2269 ut
1084 2211 1222 2282 dignetur
1243 2211 1307 2267 ruihi
1325 2225 1372 2266 oon·

248 2317 361 2374 cedere.
384 2316 516 2374 Alterum
528 2322 579 2383 est,
592 2321 624 2374 ut
635 2334 745 2373 ruccuru
757 2316 912 2386 dispenset,
924 2333 960 2373 nc
971 2333 1058 2387 cogat·
1068 2317 1207 2374 accedere
1216 2315 1373 2388 inpublicuu

247 2421 284 2479 ad
305 2421 463 2492 ecclesiam,
486 2421 534 2479 ubi
556 2421 721 2492 conciones,
753 2437 816 2494 quae
837 2420 966 2478 fiuntdc
988 2407 1183 2491 matrimonio,
1213 2438 1269 2477 uon
1290 2417 1374 2476 iutelli-

247 2525 358 2595 gimuS,
389 2525 440 2583 sed
461 2533 494 2582 ut
513 2527 618 2598 possim
639 2527 668 2583 in
691 2526 804 2584 domurn
830 2543 923 2584 meum
944 2542 1047 2584 vocare
1075 2532 1227 2596 pastores,
1259 2525 1302 2598 qui
1328 2537 1374 2580 eau
1416 2573 1417 2576 ,

248 2633 316 2689 mihi
347 2633 522 2704 conjungant
553 2648 648 2689 coruus
681 2631 832 2702 theologis.
883 2631 942 2688 Aut.
976 2630 1111 2688 accedant
1146 2630 1183 2688 ad
1214 2628 1373 2702 praesenliuu

248 2737 381 2794 Vestram
412 2737 545 2808 privatim
577 2737 695 2811 (nollem
725 2737 800 2794 eninr
825 2736 952 2809 publicas
980 2737 1113 2808 nuptiae,
1146 2737 1253 2794 nollem
1282 2733 1375 2806 publica

249 2843 379 2901 convivia
399 2847 449 2900 aut
469 2841 601 2916 choreas)
629 2848 659 2898 et
690 2859 785 2900 coruru
814 2841 992 2899 celsitudine
1020 2841 1123 2898 Vestra
1154 2833 1184 2898 et
1214 2856 1305 2898 coram
1329 2852 1374 2893 uta·
1416 2893 1417 2896 ,

245 2954 346 3019 trouu,
379 2948 494 3020 hospita
523 2961 605 3016 mea,
638 2965 701 3020 ‹prae
732 2947 849 3005 adesset
868 2949 929 3004 loco
951 2947 1066 3014 matris,
1097 2946 1299 3015 desponsarenr
1323 2955 1372 2998 ean
1416 2975 1417 2997 2

247 3051 325 3109 mihi.
367 3051 470 3110 Utrum
502 3067 538 3106 ex
565 3053 608 3108 his
636 3051 747 3108 duobus
776 3051 925 3109 Celsitudo
953 3051 1058 3108 Vestra
1087 3050 1252 3116 vocaverit,
1283 3047 1374 3110 facian,
1414 3067 1417 3126 p

247 3161 359 3212 tautum
376 3153 511 3226 dignetur
525 3152 686 3226 siguificare
703 3155 765 3224 ejus
777 3155 963 3225 voluntatem,
979 3170 1044 3210 uum
1059 3155 1127 3226 quid
1141 3155 1271 3226 J‘usserit,
1283 3149 1375 3213 lucian,
1416 3165 1417 3214 l

246 3268 333 3334 atque
355 3260 497 3318 etiamad
521 3260 670 3318 ecclesiam
693 3259 806 3331 publico
828 3260 946 3330 ducam,
978 3261 1029 3318 sed
1057 3262 1080 3316 si
1106 3260 1230 3332 possint,
1262 3257 1375 3318 libenter,

247 3363 323 3436 quod
337 3365 436 3438 petivi,
457 3365 650 3436 impetrarem.
683 3365 815 3422 Alterum
833 3372 885 3436 est,
907 3365 1103 3423 illustrissime
1114 3364 1260 3433 Princeps
1281 3356 1376 3434 quaudo

247 3469 363 3542 quidem
383 3469 519 3542 accipiam
541 3468 623 3540 hanc,
646 3486 709 3542 quae
731 3470 837 3528 nullam
854 3469 940 3528 aliam
956 3469 1051 3527 dotem
1067 3468 1165 3538 habet,
1187 3469 1242 3524 nisi
1256 3466 1376 3538 pietaten

247 3575 325 3649 (nant
346 3575 420 3631 hanc
440 3572 571 3646 profecto
592 3573 691 3648 habet)
714 3574 850 3644 dignetur
871 3574 1023 3632 clementia
1044 3574 1149 3630 Vestra
1170 3587 1267 3630 cruore
1287 3562 1375 3626 (loutiui

248 3681 432 3739 nostri-lesu
454 3677 561 3736 Christi
582 3695 626 3734 mc
644 3679 766 3749 jurare,
799 3679 852 3738 hoc
875 3685 931 3750 est,
959 3695 1023 3736 cum
1043 3677 1079 3735 ab
1100 3675 1199 3743 initio,
1231 3672 1332 3748 quaudo
1351 3667 1375 3722 iu

246 3787 380 3844 Vestrum
402 3785 536 3842 ducatum
556 3782 630 3853 veni,
654 3781 742 3840 fuerit
763 3783 832 3839 mihi
846 3782 981 3840 mandato
993 3781 1180 3840 celsitudinis
1191 3781 1299 3838 Vestrae
1311 3771 1374 3830 ordi·

246 3898 330 3949 natus
350 3891 442 3947 victus
462 3904 514 3960 pro
535 3901 599 3944 mea
618 3901 760 3958 persona,
792 3891 824 3942 ut
850 3902 902 3957 pro
930 3885 1078 3944 educanda
1105 3899 1195 3942 uxore
1226 3889 1254 3940 et
1278 3881 1374 3938 susten·

810 3991 824 4022 sl<

318 4073 331 4124 l
351 4049 405 4124 Der
424 4068 488 4122 titel
507 4067 557 4120 ist:
577 4067 612 4118 Al
631 4066 818 4120 illustrissimo
836 4066 962 4135 principe
981 4083 996 4118 e
1015 4065 1110 4136 signer
1122 4064 1310 4134 Christophoro
1326 4057 1372 4108 du·

245 4177 278 4214 ca
289 4158 318 4212 di
330 4157 534 4224 Virtemberga.
564 4153 690 4222 Epistola
710 4153 739 4206 di
753 4153 788 4206 M.
803 4153 880 4207 Giov.
894 4153 1016 4217 Brentio,
1036 4153 1162 4206 tradotto
1182 4151 1228 4206 del
1249 4141 1371 4214 Vergerio.

245 4263 266 4298 c.
285 4244 380 4312 Serap.
397 4260 417 4296 s.
437 4241 478 4294 88.
498 4259 523 4294 n.
543 4243 585 4295 79.

314 4333 330 4386 2
349 4331 400 4386 Die
418 4327 529 4382 heirath
548 4328 602 4381 mit
620 4329 669 4383 der
688 4346 759 4397 ganz
777 4329 978 4384 unbekannten
991 4327 1159 4384 Italidneriu
1177 4328 1242 4380 kam
1258 4319 1326 4376 nicht
1342 4332 1371 4367 zu

244 4420 350 4484 stando,
370 4437 390 4473 e.
411 4418 471 4472 sixt
490 4416 540 4470 510
558 4415 585 4468 ff.
