2830 5072
767 657 831 710 141.

525 786 651 872 Verger
674 807 715 850 an
739 786 859 871 herzog
882 775 1066 869 Christoph.

549 918 699 1015 Tobingen
720 920 758 975 23
780 916 943 976 December
965 919 1049 975 1561.

295 1038 483 1095 Nacirriohteu
503 1055 552 1092 aus
572 1038 683 1093 italien.

302 1149 498 1207 illustrissime
520 1145 657 1221 Princeps
679 1155 709 1206 et
728 1146 850 1205 Domine
872 1147 993 1205 Domine
1015 1145 1260 1204 Clementissime!

304 1252 426 1324 Quidam
448 1270 504 1311 non
526 1269 622 1325 porres
644 1251 863 1311 existimationis
885 1251 969 1311 homo
990 1258 1088 1310 monet
1109 1267 1155 1310 me
1177 1251 1237 1310 suis
1255 1251 1346 1316 litteris,

225 1356 302 1428 quod
324 1369 378 1428 ego
399 1371 486 1427 cogor
500 1355 612 1413 Vestrae
633 1353 836 1412 illustrissima
852 1353 1022 1414 Oelsitudini
1042 1361 1214 1413 reverenter
1234 1361 1261 1413 et
1278 1357 1348 1428 petita

221 1461 305 1517 uenia
317 1457 486 1532 significare.
509 1459 568 1526 Ait,
584 1476 615 1516 se
630 1458 782 1528 audivisse,
798 1459 873 1532 quod
889 1459 947 1518 dux
957 1459 1132 1518 Florentiae¹
1143 1465 1249 1518 tractet
1260 1460 1348 1517 occulta

222 1563 352 1637 quaedam
372 1563 490 1622 consilia
510 1580 573 1622 oum
591 1563 770 1622 Celsitudine
780 1564 885 1622 Vestra
901 1563 1108 1636 illustrissima,
1129 1565 1253 1622 maxima
1272 1571 1346 1622 auten

195 1659 199 1664 “
220 1669 353 1728 cautione
374 1674 404 1726 et
424 1668 614 1741 apertissimis
634 1668 724 1726 oculis
745 1667 984 1727 considerandum
1005 1684 1077 1732 esso,
1100 1667 1169 1740 quid
1186 1673 1348 1726 tractetnret

220 1789 284 1834 cum
305 1772 512 1846 quo-principe
533 1779 690 1844 tractetur,
712 1790 775 1832 cum
795 1776 955 1846 prasertim
977 1773 1074 1831 nulius
1095 1774 1182 1831 sitin
1204 1779 1265 1832 tota
1283 1771 1349 1830 Itaiia

220 1879 353 1954 princeps
373 1878 459 1949 Papa
480 1878 574 1936 carior
595 1884 624 1936 ct
644 1879 673 1935 in
694 1877 826 1936 omnibus
846 1877 933 1936 rebus
954 1877 1142 1950 conjunctior.
1186 1877 1256 1936 Gum
1276 1876 1348 1935 Celsi·

220 1983 289 2042 tudo
310 1983 416 2042 Vestra
435 1999 545 2040 summa
566 1983 708 2055 sapientia
727 1982 837 2054 polleat
864 1999 1029 2056 summaque
1051 1984 1182 2056 pietate,
1213 1982 1278 2042 boni
1298 1997 1349 2039 con-

220 2087 297 2146 sulet
317 2087 393 2145 haud
415 2085 502 2144 dubie
524 2085 590 2160 (pro
611 2102 662 2144 sua
682 2085 850 2160 clementia)
873 2086 949 2160 quod
970 2087 1074 2152 scribo.
1271 2153 1278 2158 ,

298 2191 400 2250 Habeo
428 2192 541 2250 litteras
571 2191 723 2249 Romanas.
765 2189 869 2264 Papa*
897 2190 999 2250 habuit
1029 2193 1191 2249 orationem
1222 2193 1251 2250 in
1276 2191 1349 2249 consi·

218 2297 317 2368 storio,
339 2312 395 2368 qua
416 2295 530 2354 taudem
552 2281 682 2368 protulit,
703 2311 734 2354 se
755 2303 912 2368 propterea
931 2294 1020 2354 fuisse
1041 2295 1133 2354 aDeo
1147 2296 1184 2354 ad
1205 2294 1349 2368 pontificem

219 2407 357 2472 evectum,
379 2407 412 2459 ut
432 2399 523 2458 iibere
545 2401 635 2472 possit
656 2417 735 2460 suam
756 2402 930 2458 sententiam
952 2400 1057 2460 dicere.
1090 2401 1188 2472 Quare
1209 2399 1349 2474 subjunxit

217 2505 401 2564 Lutircranos
422 2503 475 2580 (sic
495 2506 571 2562 onim
592 2503 677 2581 dixit)
698 2521 832 2578 magnum
854 2504 961 2562 habere
982 2520 1121 2575 campum,
1142 2504 1248 2578 inquo
1268 2517 1351 2562 excur-

217 2616 283 2668 rant
303 2615 333 2668 et
345 2609 501 2667 Romanam
524 2609 674 2668 ecclesiam
694 2609 884 2679 insectentur,
905 2610 982 2682 quod
1003 2589 1105 2666 revera
1125 2609 1255 2666 nondum
1269 2609 1350 2667 Roma

219 2713 273 2772 iuit
293 2711 371 2772 iacta
391 2713 449 2771 uilo
471 2729 580 2771 morum
602 2713 780 2781 reformatio,
801 2721 831 2774 et
852 2714 928 2787 quod
948 2715 978 2770 in
993 2713 1182 2786 proventibus
1198 2713 1350 2787 dispensan-

219 2818 264 2878 dis
284 2817 361 2876 heud
381 2817 455 2876 bene
477 2835 508 2876 se
529 2826 641 2890 gerant.
683 2819 834 2880 Conclusio
861 2817 931 2891 fuit,
963 2818 1039 2892 quod
1067 2817 1138 2876 velit
1166 2834 1271 2876 novum
1289 2815 1350 2891 jobi·

218 2923 296 2982 lenm
315 2921 468 2980 instituere
490 2929 520 2980 et
541 2924 634 2981 Deum
655 2939 759 2996 rogare
787 2941 848 2983 cnm
870 2929 931 2982 toto
952 2924 1037 2994 orbe,
1066 2929 1099 2980 ut
1126 2923 1194 2980 illos
1221 2923 1251 2980 in
1277 2921 1350 2980 corri-

218 3027 321 3100 gendis
341 3027 585 3099 meritissimum,
613 3034 643 3086 et
669 3034 734 3100 post
758 3045 862 3100 paucos
883 3027 944 3086 dies
965 3026 1020 3086 tuit
1039 3027 1101 3100 ipse
1122 3028 1150 3084 in
1173 3027 1295 3086 circuitu
1312 3033 1352 3083 aut

219 3132 402 3202 processione
423 3131 470 3208 (ut
490 3131 654 3208 appellant)
674 3149 737 3190 cum
757 3138 820 3190 tota
840 3133 939 3190 Roma.
970 3132 1003 3188 in
1025 3147 1135 3190 summa
1156 3149 1234 3190 nuno
1255 3132 1353 3190 demum

217 3235 353 3293 videntur
373 3253 533 3309 agnoscere
553 3252 662 3294 morum
690 3235 926 3294 reformationem
952 3252 1015 3294 esse
1043 3239 1255 3308 necessariam,
1282 3249 1351 3306 quau

217 3339 304 3397 etiam
323 3339 352 3396 in
374 3339 487 3398 concilii
508 3338 665 3399 indictione
680 3339 792 3411 pollioti
806 3339 929 3412 inerant,
951 3357 1045 3412 neque
1057 3357 1184 3412 uuquam
1198 3341 1353 3412 attigerant

218 3442 273 3502 list
294 3442 408 3516 quidem
430 3445 608 3516 necessaria,
636 3446 687 3504 sed
708 3461 765 3503 non
786 3445 903 3503 aliunde
923 3444 1049 3517 petenda
1070 3452 1129 3514 est,
1159 3463 1247 3519 quam
1267 3462 1284 3504 a
1302 3444 1354 3500 Deo

218 3553 288 3606 eta
317 3547 446 3606 doctrina
467 3549 587 3606 sincere.
629 3550 783 3624 Corrigent
811 3565 879 3623 ergo
908 3550 1067 3608 doctrinam
1095 3556 1124 3607 et
1153 3556 1225 3608 tuuc
1254 3551 1354 3609 demum

216 3656 382 3725 agnoscent,
405 3669 436 3712 se
456 3669 550 3711 mores
571 3656 740 3723 correxisse.
780 3654 825 3711 Ex
846 3653 922 3712 maia
942 3653 1073 3712 doctriua
1093 3656 1162 3712 maii
1183 3671 1286 3714 mores.

296 3757 443 3816 cardinali
468 3757 504 3816 de
525 3757 672 3830 Henna&
704 3776 789 3832 quiem
813 3759 878 3818 aliis
906 3758 1011 3817 titteris
1036 3761 1210 3831 scripseram
1238 3761 1354 3816 creatum

216 3878 279 3920 esse
300 3863 413 3921 concilii
433 3864 578 3935 legatum,
600 3863 725 3922 noudum
746 3865 815 3922 data
836 3862 931 3922 fuerat
952 3881 1022 3922 crux
1043 3863 1088 3938 (ut
1109 3864 1196 3940 solet)
1218 3861 1268 3922 sed
1288 3862 1357 3916 intra

215 3967 400 4040 quatriduum
420 3975 484 4026 erat
505 3965 620 4037 danda,
652 3972 684 4024 ut
704 3967 801 4024 statim
826 3981 856 4024 sc
877 3966 1050 4024 Tridentum
1076 3964 1237 4036 conferret;
1268 3975 1354 4019 meum

784 4090 798 4122 ’i‘

285 4168 298 4220 1
322 4167 433 4220 Cosmus
452 4166 464 4219 Ι
483 4183 536 4222 von
556 4165 685 4230 Medicis,
706 4165 754 4220 der
773 4164 874 4235 grosse,
900 4167 964 4233 geb.
985 4166 1068 4228 1519,
1097 4161 1352 4222 seit1537heraog

215 4271 267 4310 von
287 4253 411 4317 Floreat,
430 4258 446 4320 †
467 4253 543 4307 1574.

284 4340 352 4394 DN.
372 4339 406 4394 88
425 4339 483 4394 und
503 4341 544 4394 94.

286 4425 432 4482 3N:136.
