2910 5080
780 382 820 444 64
1309 377 1358 430 rma

222 557 308 629 juxta
338 553 483 613 nostram
500 551 713 612 concessionem
749 551 786 612 ad
816 551 977 625 Tublngam
1012 557 1042 609 et
1080 555 1189 624 quanta
1225 552 1359 610 evaseritis

225 657 362 732 pericula.
396 657 601 718 'Gratulamur
634 658 723 731 igitur
761 656 797 718 de
830 657 965 716 incolumi
995 661 1092 715 vestro
1124 657 1221 716 reditu
1254 661 1284 714 et
1312 657 1358 729 agi·

224 781 286 823 mus
307 763 369 822 Deo
396 763 472 836 patri
501 762 609 821 domini
628 762 732 820 nostri·
749 759 820 820 Jesu
851 760 958 820 Christi
985 761 1100 819 nomine
1130 766 1226 820 vestro
1254 761 1357 833 gratias,

226 866 303 941 quud
331 882 383 924 vos
411 864 489 924 inter
521 869 566 923 tot
601 862 832 922 adversariorum
863 863 983 922 insidias
1016 865 1232 924 conservaverit
1271 871 1301 924 et
1335 873 1360 922 et

225 987 275 1030 ore
305 972 421 1029 leonum
456 974 514 1030 tam
549 969 707 1027 clementer
737 969 886 1042 eripuerit.
937 967 999 1028 Nee
1030 968 1208 1043 dubitamus,
1242 969 1309 1044 quin
1340 967 1376 1027 ida

224 1079 277 1136 lnce
306 1075 425 1136 oonsilio
454 1074 592 1134 divinitus
619 1072 687 1146 ilat,
726 1078 758 1132 ut
789 1072 1023 1134 eeclesiamfilii
1051 1075 1107 1133 Dei
1137 1076 1241 1134 vestris
1275 1071 1361 1133 officiis

225 1190 257 1240 et
276 1179 358 1240 donis
384 1180 484 1239 aDeo
509 1179 591 1240 vobis
617 1181 759 1242 concessis
786 1180 889 1251 juvare
918 1163 981 1238 non'
1000 1179 1200 1238 intermittatis
1229 1185 1261 1238 et
1286 1168 1317 1238 ot'
1340 1180 1360 1237 in

225 1285 278 1343 hae
298 1285 459 1343 secessione
485 1289 515 1342 et
538 1282 598 1342 otio
628 1296 712 1347 onune
738 1281 864 1342 studium
891 1288 1017 1343 vestrum
1042 1284 1071 1342 in
1098 1284 1255 1343 asserenda
1284 1283 1361 1356 gloria

226 1386 349 1446 nominis
368 1386 423 1445 Dei
443 1385 599 1446 collocetis.
641 1383 724 1458 Quod
744 1401 762 1444 a
782 1383 865 1444 nobis
884 1385 1050 1459 requiritis,
1079 1388 1242 1450 curabimus
1262 1404 1319 1448 non
1336 1385 1361 1444 il-

225 1489 396 1564 liberaliter,
422 1506 487 1563 quae
507 1490 544 1550 ad
567 1507 649 1550 usunr
676 1491 744 1550 vitae
771 1495 877 1550 vestrae
905 1493 1069 1550 necessaria
1095 1499 1183 1552 sunt
1212 1486 1361 1552 Scribarum

227 1594 324 1654 abbati
344 1594 539 1668 Hirsaviensi,
572 1601 604 1656 ut
630 1595 717 1656 liceat
736 1596 816 1657 vobis
836 1597 867 1656 in
887 1596 971 1657 domo
992 1597 1056 1670 ejus
1076 1597 1215 1672 l'nbingae
1246 1597 1362 1657 habitare

232 1704 263 1760 et
281 1716 444 1775 speramus,
473 1716 538 1760 eum
558 1699 613 1762 hoc
633 1699 719 1762 cilicii
739 1717 797 1762 nou
818 1706 1025 1762 recusaturum.
1066 1704 1208 1763 dussimus
1227 1708 1364 1778 praeterea,

227 1815 260 1868 ut
279 1807 410 1882 praefecti
424 1809 515 1868 nostri
542 1814 643 1869 curent
663 1810 744 1871 vobis
764 1810 869 1869 advehi
890 1811 968 1886 ligna
988 1817 1018 1870 et
1037 1808 1170 1869 fuderam
1191 1809 1249 1866 vini
1271 1823 1303 1866 ac
1322 1822 1362 1864 nu·

226 1914 332 1975 merari
363 1915 393 1973 in
420 1915 568 1986 prasentia
598 1921 713 1974 eentum
745 1932 870 2002 aureos,
897 1934 961 1990 quae
992 1933 1056 1976 ouvn
1086 1915 1115 1973 in
1142 1931 1224 1973 usum
1252 1919 1363 1971 vestrum

227 2018 443 2099 absumpserltis
464 2024 494 2078 et
514 2035 566 2078 nos
586 2037 604 2079 a
624 2019 704 2080 vobis
730 2021 869 2080 admoniti
897 2019 1047 2093 fuerimus,
1076 2038 1132 2080 non
1159 2018 1362 2086 committemus,

227 2129 260 2182 ut
280 2123 451 2183 desideretis
471 2123 500 2182 in
522 2123 604 2184 nobis
626 2125 849 2202 benignitatem,
880 2143 934 2185 neo
953 2129 1115 2200 patiemur,
1148 2124 1226 2198 quod
1245 2126 1275 2182 in
1293 2121 1363 2181 nobis

228 2236 286 2302 est,
313 2235 346 2288 ut
373 2229 454 2288 vobis
474 2229 585 2303 aliquid
606 2245 702 2290 rerum
722 2232 916 2291 necessarium
936 2230 1027 2304 desit,
1058 2231 1150 2290 donec
1170 2228 1308 2288 Dominus
1326 2243 1362 2284 os-

227 2334 356 2399 tenderit
385 2334 548 2403 covasilium,
575 2340 609 2392 ιιι
630 2333 666 2392 de
688 2335 790 2392 vestris
817 2335 903 2394 rebns
930 2334 1040 2407 aliquid
1070 2333 1143 2394 certi
1173 2335 1362 2408 constituatur.

228 2438 309 2498 Bene
330 2453 364 2498 au
384 2436 510 2498 feliciter
531 2439 635 2499 valete.
1284 2427 1286 2434 ¹

305 2545 412 2604 Datum
439 2545 637 2627 Stuebgardiae
668 2548 703 2602 16
734 2545 780 2604 die
807 2545 977 2604 Novembris
1009 2560 1084 2604 anno
1112 2543 1149 2602 ab
1177 2540 1362 2604 incarnatione

227 2649 384 2708 servatoris
405 2651 497 2731 nostri
519 2651 565 2708 53.
607 2717 609 2722 ,

306 2755 478 2828 Assignatur
498 2755 637 2828 Vergerio
658 2772 711 2829 pro
733 2755 877 2815 alimentis
898 2755 972 2814 suis:

435 2861 553 2921 Fudera
568 2862 636 2940 vini.

421 2965 494 3024 XII
514 2966 648 3025 elovterae
668 2965 819 3038 lignorum.

362 3085 368 3095 ·
404 3103 414 3114 ..
436 3069 494 3128 XX
513 3071 602 3140 modii
622 3087 730 3129 avenae.

437 3174 495 3230 200
515 3170 544 3232 fl.
564 3174 595 3232 in
615 3177 776 3231 numerata.

305 3277 427 3337 Addidit
453 3278 523 3351 dux,
545 3275 609 3339 e'urn
630 3277 788 3351 vergentes
809 3295 927 3337 uxorem
948 3277 1113 3349 Tigurinum
1135 3275 1248 3333 exulem
1268 3271 1368 3329 ducere·

227 3383 430 3443 constituerat:

440 3483 561 3543 liuder
581 3487 663 3572 vein.

437 3585 594 3648 Skiaffter
614 3587 688 3648 holt.

438 3693 476 3750 20
496 3693 601 3751 malter
620 3690 740 3752 habeon.

437 3799 475 3853 30
496 3797 602 3856 malter
622 3797 730 3856 dinkel.

228 3951 335 4048 verger
353 3973 382 4030 in
402 3947 494 4035 einenu
513 3979 602 4042 briefe
621 3997 656 4034 an
675 3978 822 4050 Bullinger
841 3971 1077 4049 voravisgesehein:
1102 3975 1184 4053 Certe
1202 3973 1297 4044 (Papa)
1314 3981 1362 4022 ιιι·

227 4081 290 4118 eum
308 4079 364 4118 non
382 4065 523 4136 pugnabit
544 4066 696 4137 seripturis,
715 4065 765 4120 sed
784 4065 949 4124 subornabit
967 4066 1056 4129 viros,
1074 4064 1123 4133 quvi
1141 4061 1275 4134 pugione,
1300 4052 1361 4108 selo·

227 4153 314 4291 12)θὲοέ
332 4169 439 4208 veneno
458 4170 565 4208 meeum
584 4157 688 4224 agant:
716 4157 746 4209 at
764 4154 793 4208 in
814 4154 931 4211 Donnino
951 4153 1067 4210 confido.
1095 4152 1130 4206 de
1149 4149 1234 4204 Poris
1251 4147 1268 4199 l.
1288 4160 1308 4196 e.
1329 4137 1358 4198 ΙΙ,

246 4241 261 4294 5
313 4281 318 4292 .
