2862 5080
772 353 835 414 374
1309 348 1366 405 litt

229 525 316 584 venit.
347 524 447 598 Spero,
468 540 514 582 me
535 523 590 586 hae
611 523 647 582 de
666 540 698 584 re
713 541 827 598 quoqne
838 531 1011 598 praesentem
1024 525 1243 608 collocuturum.
1265 523 1365 584 Summe

228 633 324 704 lando,
346 632 423 706 qnod
445 630 535 692 luerit
556 637 614 690 tem
636 631 760 690 humane
782 637 812 690 et
832 631 990 690 clementer
1010 636 1164 704 exceptus,
1186 636 1216 690 et
1235 631 1296 704 ipse
1315 632 1365 704 glo

229 739 331 810 riatur,
352 737 465 811 reliqna
485 738 515 796 in
535 736 650 796 bomine
673 753 729 796 non
751 735 847 795 lando.
889 734 948 794 Sed
969 735 1005 794 de
1025 735 1069 794 his
1089 751 1205 809 qnoque
1225 751 1328 794 coram.

305 841 451 902 Fortassis
470 842 667 902 illustrissime
688 840 836 901 Celsitndo
856 842 973 912 Vestra,
1003 847 1157 914 antequam
1179 857 1234 914 ego
1256 840 1367 900 advene·

226 946 296 1018 rim,
327 947 417 1006 vellet
443 948 472 1006 in
493 947 640 1008 Prassiam
665 947 779 1008 litteras
805 948 931 1008 mittere.
973 946 1144 1006 consultum
1163 951 1313 1020 putarem,
1341 953 1367 1005 nt

225 1049 295 1108 mihi
315 1048 526 1121 significaretur
542 1067 666 1124 qnoque.
698 1051 798 1124 Spero,
821 1051 900 1125 quod
921 1067 979 1110 non
999 1051 1149 1111 illibenter
1168 1051 1366 1110 illustrissimus

226 1153 351 1213 Prassiae
372 1155 430 1212 dux
451 1153 489 1212 sit
508 1171 587 1214 meas
607 1154 721 1214 litteras
741 1155 939 1227 inspecturum
968 1155 1025 1213 imo
1046 1154 1185 1226 dignetur
1204 1153 1364 1226 meminisse,

226 1258 302 1332 qnod
323 1273 440 1332 operam
461 1259 518 1316 mei
540 1259 653 1331 nepotis
675 1258 854 1331 obtuleram,
882 1259 906 1317 si
929 1275 986 1332 qne
1005 1259 1036 1316 in
1057 1277 1089 1318 re
1109 1265 1211 1332 posset
1230 1261 1364 1334 prodesse,

227 1369 258 1422 et
277 1381 353 1422 nnnc
374 1363 464 1424 offero
486 1380 610 1439 qnoque.

305 1468 445 1541 Tubingae
465 1469 548 1528 XXV
568 1467 700 1528 lanuarii
726 1470 808 1528 1563.

459 1573 662 1634 illustrissimae
683 1573 871 1634 Oelsitudinis
891 1573 1003 1634 Vestrae
1023 1574 1148 1632 servitor

1132 1678 1297 1752 Vergerins.

770 1934 834 1990 173.

530 2049 655 2135 Verger
678 2073 721 2115 en
744 2051 864 2136 herzog
888 2049 1073 2136 christoph.

577 2181 726 2255 Tltbingen
749 2183 787 2240 28
807 2183 917 2242 dannan
940 2185 1023 2242 1563.

296 2290 372 2360 liber
390 2303 449 2358 sein
468 2303 543 2360 buch
562 2320 654 2374 gegen
673 2303 829 2360 Chimnela.

303 2401 500 2462 Illustrissime
521 2403 661 2477 Princeps
682 2409 711 2462 st
733 2404 855 2462 Domine
876 2404 999 2464 Domine
1021 2405 1265 2465 Clementissimel

265 2543 268 2549 -
305 2508 385 2566 Deus
406 2509 473 2580 scit,
494 2524 540 2568 ms
562 2508 692 2582 qnotidie
714 2488 833 2581 singulis
855 2509 950 2581 boris,
972 2509 1093 2582 singulis
1113 2511 1242 2582 punctis,
1263 2509 1317 2568 dies
1333 2515 1355 2565 et

225 2617 325 2671 noctes
346 2612 474 2688 cogitare
496 2614 532 2672 de
554 2629 641 2672 carisa
662 2613 769 2674 domini
792 2614 884 2674 nostri
899 2614 968 2673 Jesn
984 2613 1100 2682 Christi,
1122 2614 1264 2688 quomedo
1283 2612 1355 2687 possit

224 2723 369 2790 apepatn
391 2715 508 2776 delendi
529 2727 559 2779 et
579 2721 758 2792 promoveri,
780 2736 893 2794 egoque
914 2721 1023 2793 gratias
1044 2719 1126 2778 Patri
1146 2720 1270 2790 coelesti,
1294 2715 1354 2791 qnod

225 2822 294 2880 mibi
314 2822 389 2880 hanc
417 2839 514 2884 eurem
541 2825 692 2884 immiserit
719 2824 785 2900 (pro
811 2842 865 2884 sua
892 2824 1068 2899 clementie).
1109 2823 1249 2883 Volebam
1274 2823 1353 2881 venire
1421 2857 1422 2864 κ

226 2925 442 3000 Stntgardiem,
465 2935 498 2986 nt
518 2947 582 2988 enm
604 2929 631 2990 d.
652 2930 773 2989 Brentio
795 2927 958 2988 conferrem
977 2928 1197 3001 responsionem
1218 2927 1295 2998 libri,
1317 2925 1354 2998 qni

225 3030 334 3104 prodiit
356 3049 391 3088 ex
412 3031 535 3104 ltalia¹;
567 3033 618 3092 sed
648 3050 711 3092 eum
740 3038 874 3105 nepotem
901 3032 1039 3090 misissem
1068 3032 1106 3092 ad
1126 3032 1226 3104 illum,
1257 3033 1301 3106 qni
1322 3027 1353 3086 illi

227 3134 403 3208 signiticaret
423 3153 469 3195 me
490 3139 564 3198 velle
585 3137 740 3209 accedere,
761 3137 920 3212 respondit,
942 3154 973 3196 se
993 3136 1075 3196 brevi
1096 3142 1249 3196 venturum
1266 3137 1294 3194 in
1310 3134 1354 3192 Be·

227 3237 426 3298 benhausense
448 3242 663 3312 monesterium,
684 3240 734 3299 ubi
748 3239 907 3314 poterimus
924 3239 1064 3314 conterre,
1087 3257 1177 3315 quere
1194 3240 1353 3314 cupidissime

225 3350 369 3415 exspecto.
411 3344 468 3403 Sed
490 3345 627 3418 dignetur
654 3362 730 3403 nunc
750 3345 851 3404 andire
873 3347 979 3404 Vestra
999 3345 1196 3405 illustrissima
1217 3343 1352 3413 Celsitndo,
1420 3379 1421 3414 5

225 3447 295 3522 qnid
315 3448 385 3506 mihi
405 3451 570 3522 nuperrime
592 3451 768 3524 suggesserit
789 3449 915 3524 Spiritus
937 3457 1060 3510 sanctus.
1091 3451 1159 3510 Misi
1178 3467 1241 3509 eam
1259 3455 1351 3523 partem

226 3551 366 3624 epitomes
387 3567 438 3610 seu
459 3551 685 3612 abbreviationis
705 3538 792 3624 meae,
825 3570 888 3626 quse
909 3553 946 3611 ad
967 3553 1120 3614 maledicte
1140 3560 1241 3613 eontra
1260 3557 1352 3612 nostras

225 3657 361 3716 eeclesias
381 3657 517 3728 pertinet.
560 3659 643 3717 Nune
663 3675 731 3717 vero
752 3661 835 3718 mitto
856 3659 928 3717 elias
949 3659 1021 3718 duas
1041 3666 1156 3733 partes,
1178 3677 1241 3734 qnae
1260 3658 1350 3718 scilieet

223 3763 383 3836 pertinent,
401 3764 495 3822 altera
514 3763 552 3820 ad
573 3761 673 3820 falsam
695 3763 871 3834 doctrinam,
899 3781 964 3836 quse
990 3764 1072 3824 nobis
1101 3765 1250 3838 objicitur,
1275 3764 1348 3822 altera

223 3883 293 3926 vero
314 3866 351 3925 ed
372 3867 541 3940 concilium,
573 3868 650 3941 qnod
677 3886 740 3928 cum
767 3869 939 3941 papisticum
966 3870 1019 3939 sit,
1050 3870 1291 3944 reprehendimus.
1324 3865 1347 3922 ln

192 4003 194 4008 ·
224 3988 334 4030 summe
353 3971 502 4031 videretur
522 3973 591 4033 mihi
612 3991 668 4033 non
689 3974 917 4046 incommodum,
950 3981 982 4034 ut
1009 3975 1074 4036 istee
1100 3981 1160 4034 tres
1187 3981 1279 4049 partes
1297 3972 1346 4030 bre·

791 4078 805 4110 sit

296 4147 306 4199 l
328 4146 354 4201 S.
374 4165 400 4200 n.
421 4148 478 4201 172.
515 4145 566 4200 Die
580 4139 753 4202 'lateinische
772 4147 976 4218 iibersebznng:
1015 4145 1169 4218 Responsio
1190 4137 1344 4216 Vergeriiad

222 4231 327 4287 librum
345 4233 508 4288 antichristi
521 4234 640 4289 Romani
659 4236 711 4289 ebe.
729 4234 857 4305 Regium.
872 4236 947 4289 1563.
976 4235 1156 4307 Kbnigsberg
1169 4253 1227 4290 war
1237 4231 1343 4299 tongent

223 4318 370 4375 mischlich
389 4337 594 4391 angenommen
618 4321 663 4376 fiir
681 4321 846 4396 Tibingen,
875 4340 917 4378 we
942 4339 972 4378 es
998 4323 1072 4378 nach
1097 4323 1139 4378 br.
1159 4324 1210 4379 176
1232 4313 1342 4392 godruelt

225 4407 328 4464 werde.
