2830 5078
783 427 845 489 228
1315 419 1365 472 15⁶⁰

242 607 415 672 Dilectionis
440 605 547 664 litteris
575 602 610 660 ad
638 617 690 659 uos
718 599 832 670 scriptis
859 595 992 655 eximium
1017 593 1160 667 quendam
1189 599 1222 650 et
1240 593 1367 652 ardentem

241 713 428 788 principsque
448 709 605 769 christiano
627 704 824 779 dignissimum
845 699 937 759 aeluro
958 699 1164 772 perspeximus.
1208 698 1289 755 Hunc
1311 699 1369 756 0010

241 819 346 878 Vestra
359 814 485 874 Dilectio
503 810 586 872 valde
607 811 715 868 illustri
735 812 905 879 argumento
927 809 1064 862 testatum
1085 800 1163 874 lacit,
1186 802 1252 860 dum
1274 817 1370 872 magno·
1414 842 1415 847 η

242 937 312 996 pere
333 919 443 993 gaudet
463 923 492 976 01
513 933 550 975 ex
574 916 668 974 animo
697 911 860 986 gratulatur
888 909 994 965 nostris
1025 913 1054 964 ct
1081 907 1203 963 aliorum
1232 905 1372 978 principum
1414 896 1415 977 l

242 1024 380 1092 ecclesiis,
402 1022 479 1097 qnod
499 1023 528 1078 in
550 1020 607 1078 illis
627 1023 712 1077 sonat
731 1018 844 1074 sincera
857 1010 1025 1087 predicatio
1038 1010 1117 1068 verbi
1133 1010 1199 1080 Dei,
1221 1010 1257 1067 ab
1272 1008 1374 1067 infinitis

241 1127 494 1204 superstitionibus
515 1125 681 1198 repurgati,
710 1121 822 1194 ingenti
842 1136 876 1176 ac
896 1114 1035 1174 ineffabili
1055 1115 1112 1173 Dei
1131 1111 1286 1186 beneficio,
1306 1130 1375 1187 quem

241 1249 402 1308 precamur,
422 1237 456 1288 ut
470 1231 563 1288 lucem
580 1228 659 1288 verbi
675 1227 719 1285 sui
733 1225 811 1299 apud
828 1241 879 1282 nos
895 1220 1039 1293 exstingui
1055 1236 1112 1278 non
1128 1219 1375 1277 sinatacVestram

241 1337 434 1394 Dilectiouem
455 1333 530 1390 sicut
551 1331 691 1390 hactenus
720 1328 824 1401 spiritu
851 1343 904 1385 suo
930 1331 1033 1397 regat,
1064 1328 1096 1380 ut
1124 1325 1202 1382 omui
1228 1331 1330 1382 conatu
1351 1331 1375 1380 et
1412 1375 1413 1378 ,

242 1437 339 1497 studio
359 1435 436 1494 idem
457 1434 576 1494 verbum
594 1433 649 1491 Dei
669 1434 699 1490 in
720 1446 810 1504 regno
828 1430 957 1488 Polonine
977 1435 1154 1502 promoveat,
1175 1444 1234 1499 qno
1255 1429 1324 1486 radii
1342 1428 1375 1485 di·
1410 1500 1413 1511 Ι

241 1544 316 1601 vina
335 1542 406 1599 lucis
425 1540 532 1616 passim
552 1555 628 1598 nunc
648 1519 761 1596 accensi
782 1542 812 1594 et
832 1536 908 1593 clare
930 1535 1069 1593 micantes
1089 1534 1177 1591 etiam
1198 1534 1227 1590 10
1250 1533 1307 1592 11110
1324 1551 1376 1606 sep·
1414 1590 1415 1593 ,

244 1642 468 1704 tentrionalibus
488 1640 655 1714 regionibus
676 1644 850 1712 spargantur
870 1638 906 1696 ad
927 1638 1047 1708 gloriam
1074 1639 1248 1696 sanctissimi
1274 1639 1377 1696 nominis
1409 1662 1413 1720 ᾗ

243 1749 300 1808 Dei
321 1753 351 1807 01
370 1746 526 1826 multorum
547 1746 715 1804 miserorum
736 1745 881 1802 hominum
902 1743 997 1800 adbuc
1017 1745 1047 1800 in
1068 1743 1197 1802 tenebris
1217 1747 1377 1803 versantium

244 1853 376 1914 salutem.
416 1853 477 1912 Nos
498 1851 637 1926 quidquid
659 1867 754 1922 operae
778 1849 919 1909 hactenus
946 1849 976 1906 in
996 1847 1119 1907 fovenda
1141 1849 1266 1906 ccclesia
1287 1848 1377 1906 Christi

243 1965 274 2018 ct
294 1956 441 2017 dilataudo
455 1959 544 2016 verbo
558 1957 611 2016 Dei
630 1956 825 2031 praestitimus
846 1955 875 2013 id
897 1955 994 2014 divina
1014 1957 1167 2014 assistente
1189 1957 1285 2028 gratia
1304 1970 1378 2027 usque
1411 1937 1414 1960 ²

244 2063 281 2122 ad
307 2069 467 2122 extremum
495 2063 627 2134 spiritum
655 2061 865 2134 praestabimus.
905 2061 968 2120 Hoc
999 2061 1073 2118 0010
1103 2059 1231 2119 officium
1263 2069 1293 2120 et
1319 2061 1379 2117 bunc
1411 2080 1412 2135 ᾗ

242 2170 351 2228 001100
371 2184 431 2241 prae
452 2169 557 2226 ceteris
577 2165 707 2225 omnibus
728 2166 791 2226 Deo
819 2182 871 2224 nos
891 2165 999 2223 debere
1020 2166 1217 2236 agnoscimus,
1239 2171 1273 2222 ut
1293 2179 1377 2222 omnes

243 2279 356 2332 nostros
377 2281 498 2332 conatus
528 2271 565 2330 ad
592 2271 751 2344 juvandam
778 2287 875 2329 veram
902 2269 1053 2329 ecclesiam
1079 2267 1131 2326 filii
1153 2269 1210 2327 Dei
1238 2285 1291 2344 pro
1320 2267 1380 2327 virili

243 2381 343 2434 nostra
364 2373 555 2432 conteramus

323 2479 415 2538 Porro
436 2479 590 2537 honoraria
609 2479 661 2536 illa
681 2495 817 2544 munera,
846 2479 948 2550 quibus
969 2494 1020 2536 nos
1042 2483 1072 2536 et
1092 2479 1165 2537 duos
1185 2483 1303 2536 nostros
1322 2475 1383 2534 filios
1411 2503 1414 2559 χ

243 2585 370 2644 Dilectio
393 2583 498 2642 Vestra
517 2582 679 2654 honoravit,
701 2599 802 2641 currus
829 2581 967 2640 videlicet
987 2580 1172 2662 Ungaricus,
1191 2587 1260 2656 equi
1286 2583 1383 2640 celeres
1413 2570 1414 2587 ³

245 2695 275 2748 ct
285 2705 385 2747 servus
394 2687 532 2746 Tartarus
554 2686 615 2762 (qui
636 2695 732 2747 tamen
753 2689 783 2746 in
804 2688 909 2746 itinere
925 2689 1011 2745 evita
1027 2689 1165 2763 excessit)
1177 2689 1264 2746 nobis
1279 2687 1385 2746 fuerunt

245 2793 417 2867 gratissima,
439 2809 495 2850 non
517 2794 608 2850 solum
630 2793 666 2851 ob
680 2796 839 2852 novitatem
854 2804 881 2850 et
897 2793 1047 2851 raritatem
1060 2795 1135 2866 apud
1150 2811 1212 2862 nos,
1234 2793 1286 2852 sed
1307 2793 1385 2851 multo

245 2901 346 2973 magis,
367 2899 435 2972 quia
455 2896 586 2972 profecta
606 2907 673 2958 0001
692 2917 710 2958 0
731 2900 835 2958 Vestra
855 2899 1027 2971 Dilectione,
1050 2899 1132 2958 nobis
1153 2899 1190 2958 ob
1211 2899 1331 2972 pietatis
1350 2913 1387 2954 ar-

245 3005 317 3064 deus
347 3003 474 3062 studium
504 3003 682 3076 aliarumque
712 3002 849 3061 virtutum
885 3007 1055 3061 ornamenta
1085 3004 1244 3062 carissima.
1294 3003 1385 3073 Itaque

244 3110 357 3169 Vestrae
378 3109 534 3175 Dilectioni
555 3109 740 3167 amicissimas
761 3119 791 3167 01
807 3109 1030 3167 studiosissimae
1043 3111 1153 3180 gratias
1166 3109 1280 3181 agimus
1302 3109 1387 3166 acite

244 3213 357 3273 ferente
379 3215 529 3272 occasione
547 3213 758 3286 promptissima
769 3213 1004 3298 remuneratione
1025 3227 1077 3269 nos
1096 3218 1194 3283 gratos
1215 3215 1386 3278 testabimur,

245 3317 384 3387 omnibus,
405 3319 621 3392 quibuscunque
642 3317 809 3390 poterimus,
831 3317 923 3375 modis
951 3317 1134 3390 declaratum,
1157 3318 1388 3377 1001001111οε-

245 3423 353 3483 tioncm
374 3441 392 3482 a
411 3423 494 3481 nobis
514 3422 701 3496 singulariter
721 3423 821 3494 amari,
843 3424 976 3496 donaque
996 3423 1047 3482 illa
1067 3423 1150 3482 nobis
1165 3441 1223 3482 non
1237 3424 1390 3496 vulgariter

238 3531 329 3598 'grata
349 3531 524 3598 acceptaque
549 3524 648 3584 fuisse.
689 3525 722 3583 In
747 3529 904 3600 praesentia
931 3545 984 3601 pro
1011 3529 1087 3600 grati
1114 3531 1203 3587 animi
1230 3529 1390 3589 testimonio

244 3629 386 3686 mittimus
407 3627 562 3686 Dilectioni
582 3629 695 3689 Vestrae
717 3631 789 3688 duos
818 3648 921 3704 equos,
949 3633 1020 3690 duas
1047 3633 1239 3707 bombardas,
1269 3632 1392 3707 gladium

245 3733 445 3804 venatorium,
478 3749 566 3790 cornu
587 3735 780 3802 senatorium,
813 3749 910 3792 ensem
930 3735 967 3792 ad
987 3751 1073 3808 apros
1090 3737 1264 3809 jugulandos
1283 3743 1391 3808 aptum,

246 3834 303 3892 duo
323 3831 417 3905 ferra,
446 3850 510 3905 quae
531 3837 679 3894 venabulis
699 3835 889 3910 praefiguntur
910 3843 939 3894 et
959 3838 1084 3898 cultrum
1105 3842 1298 3912 senatorium,
1329 3853 1394 3911 quae

246 3954 327 3996 arma
347 3938 443 3996 omnia
464 3954 543 3996 more
570 3939 599 3996 in
626 3938 671 3997 bis
697 3939 864 4012 regionibus
891 3948 1027 4000 00000010
1057 3945 1169 4015 gestari
1193 3952 1274 4018 atque
1299 3943 1334 3998 in
1362 3955 1393 3997 rc

244 4044 394 4103 venatoria
414 4045 550 4116 usurpari
569 4045 672 4102 solent.
969 4040 971 4044 ’

324 4147 461 4207 Ceterum
482 4155 620 4221 quantum
641 4149 679 4208 ad
701 4151 812 4210 nobiles
833 4151 1033 4211 adolescentes
1046 4152 1172 4212 Polonos
1186 4155 1292 4221 attinet,
1318 4164 1393 4222 quos

244 4251 327 4310 nobis
348 4252 453 4310 Vestra
473 4253 599 4312 Dilectio
627 4236 864 4328 commendavit,
883 4257 925 4315 ita
951 4256 1016 4315 illos
1042 4258 1279 4318 commendatione
1310 4250 1394 4326 apud

243 4355 371 4415 scholam
391 4363 520 4416 nostram
529 4358 741 4432 Tubingensem
758 4363 952 4434 promovimus
967 4369 998 4420 01
1011 4364 1215 4436 prospeximus,
1234 4365 1262 4418 ut
1280 4353 1393 4430 procul

245 4459 333 4519 dubio
353 4477 452 4520 omncs
472 4463 550 4520 illius
570 4465 675 4522 scbolae
696 4466 812 4524 ordines
833 4483 903 4540 erga
922 4468 1000 4542 ipsos
1014 4467 1208 4528 humanissimi
1220 4461 1392 4537 aerissimi-
