2830 5072
1317 383 1369 438 lior

235 545 288 607 sub
307 561 402 620 poena
421 543 632 604 confiscationis
652 545 812 607 honorum?
847 549 905 609 Sed
926 550 1050 624 mandet,
1072 552 1149 627 quod
1170 554 1306 628 voluerit,
1325 573 1369 615 non

234 650 352 724 parebo.

314 753 488 813 Commendo
508 769 553 812 me
574 759 745 813 reverenter
758 755 958 815 illustrissime
975 757 1147 818 celsitudini
1165 761 1288 821 Vestrae.
1319 761 1368 820 Ore

235 859 317 918 lestis
330 858 419 918 Pater
439 865 545 931 augeat
564 858 607 916 illi
628 875 695 918 suos
715 859 827 920 divinos
842 863 1002 934 thesauros,
1023 865 1157 936 spiritum
1178 871 1210 924 et
1224 863 1312 924 fidem
1327 882 1368 938 per

235 963 380 1022 Christum
401 963 546 1022 domiuum
567 969 706 1022 nostrum.

313 1067 450 1138 Tnhiugas
469 1067 568 1125 XXVI
589 1069 713 1140 Augusti
733 1069 871 1128 MDLXl.

392 1171 578 1230 Oelsitudiuis
594 1171 707 1229 Vestrae
727 1170 932 1231 Illustrissimae
953 1173 1226 1236 observantissimus

1135 1281 1306 1355 vergerius

777 1541 842 1596 124.

422 1699 430 1710 ·
538 1678 663 1765 Verger
685 1700 729 1744 an
748 1679 868 1764 herzog
890 1676 1075 1764 Ohrishoph.

583 1811 731 1884 Tdhingen
753 1813 789 1870 31
812 1810 926 1882 August
949 1813 1032 1869 1561.

303 1929 448 1984 Berichtet
465 1929 534 1985 iiber
552 1929 597 1984 dic
616 1929 860 1985 schweizen'schou
879 1929 1038 1998 theologcn,
1059 1931 1164 1986 welche
1183 1933 1364 1986 1111111111-

231 2025 308 2081 reich
326 2025 442 2080 beroien
461 2025 537 2080 scion
556 2027 614 2080 und
632 2026 684 2090 ish,
698 2043 784 2081 moun
803 2027 875 2081 auch
894 2027 1026 2083 deutsche
1045 2028 1163 2082 herufen
1183 2029 1296 2084 uuerden
1313 2027 1364 2081 soll·

230 2123 287 2185 tea,
307 2121 386 2176 nieht
404 2120 549 2191 ahgneigt,
568 2120 683 2175 dorthin
703 2138 736 2174 zu
756 2121 857 2190 gehen.

309 2220 507 2278 Illustm'ssime
527 2219 665 2292 Princeps
687 2225 717 2276 et
737 2219 860 2278 Domino
881 2220 1003 2278 Domine
1024 2219 1276 2280 clementissime!

309 2323 382 2383 Sunt
401 2324 470 2382 mihi
490 2323 607 2382 Basilea
626 2322 741 2382 littere.
782 2321 887 2405 Dicta,
919 2339 983 2396 que
1013 2324 1042 2382 iu
1073 2341 1161 2382 causa
1190 2323 1362 2386 illustrissimi

230 2427 384 2488 Sabaudiae
411 2429 492 2488 ducis
517 2429 564 2487 die
585 2427 790 2486 Bartholomsci
816 2427 1003 2501 sperabatur,
1032 2429 1156 2486 nondum
1185 2439 1250 2490 erat
1277 2436 1362 2502 coepu,
1409 2453 1410 2526 p

227 2535 348 2594 aderant
375 2541 471 2592 tamen
495 2532 585 2606 ipsius
606 2531 687 2590 duois
706 2533 806 2604 legati.
848 2531 1007 2604 Gognetius
1021 2531 1039 2603 ¹,
1067 2531 1228 2592 Galliarum
1256 2534 1361 2607 legatus,
1408 2563 1409 2630 l

227 2655 285 2698 non
306 2637 419 2708 aderit,
449 2640 478 2695 in
501 2636 610 2696 Gallias
637 2637 713 2696 enim
740 2635 886 2709 proiectus
913 2644 967 2696 est.
1008 2638 1104 2710 Quare
1130 2654 1226 2712 neque
1254 2655 1307 2714 ego
1324 2655 1360 2695 au·
1407 2669 1408 2734 l

228 2745 328 2804 cedam
341 2741 361 2800 ¹.

306 2845 409 2904 Paucis
434 2849 502 2904 ante
531 2842 632 2902 diebus
659 2841 848 2914 scripseram,
879 2844 955 2916 quod
983 2842 1116 2903 domiuus
1144 2844 1250 2906 Petrus
1269 2845 1359 2904 Martir

227 2949 328 3022 Italus,
342 2951 390 3023 qui
406 2949 505 3022 Tiguri
522 2947 611 3021 degit,
632 2945 735 3006 suisset
749 2947 780 3006 in
791 2945 900 3006 Gallias
914 2946 1107 3020 proiecturus.
1137 2948 1223 3008 Nune
1238 2949 1358 3023 significo,

229 3057 342 3114 venisse
362 3054 392 3111 iu
406 3053 571 3112 Helvetism
590 3053 704 3110 litteras
724 3052 819 3123 regias
839 3068 875 3110 ex
896 3051 997 3124 Gallia,
1019 3053 1123 3126 quihus
1144 3060 1175 3113 et
1194 3055 1257 3127 ipse
1271 3055 1360 3114 hauh

229 3165 259 3220 et
280 3159 414 3218 Calvinus
436 3165 466 3217 et
486 3157 564 3216 Bene
585 3162 724 3215 vocantur
744 3157 782 3216 ad
803 3157 976 3230 colloquium
988 3156 1007 3214 ⁸.
1402 3191 1403 3257 l

305 3265 398 3324 Miror
424 3267 449 3323 si
475 3279 533 3324 uon
552 3269 692 3337 petantur
711 3262 747 3321 ab
767 3261 967 3322 illustrissimis
991 3265 1170 3337 principibus
1197 3274 1230 3326 et
1254 3264 1359 3326 statibus
1401 3297 1402 3363 l

226 3369 339 3442 imperii
359 3369 449 3444 aliqui
469 3367 621 3443 quoque‘,
651 3385 685 3428 ne
712 3367 785 3426 illud
812 3383 933 3441 regnum
959 3368 1092 3428 videatur
1119 3371 1212 3443 magis
1238 3371 1359 3430 inclinare
1400 3403 1401 3412 ¹

792 3474 808 3507 ²1¹

299 3550 361 3606 lS.
380 3567 407 3605 n.
427 3549 485 3606 122.

298 3637 361 3692 28.
380 3655 408 3692 n.
429 3637 487 3691 122.

298 3725 359 3780 38.
380 3744 407 3780 n.
427 3726 486 3780 123.
522 3725 595 3778 Bezu
618 3723 713 3779 wurde
738 3723 824 3780 durch
850 3722 996 3780 schreiben
1020 3724 1070 3779 der
1093 3724 1203 3797 pariser
1228 3722 1356 3798 gemeinde

227 3815 259 3870 14
273 3813 329 3869 Juli
344 3813 420 3878 1561,
435 3811 550 3876 Condes,
571 3811 705 3882 (lolignys
718 3813 775 3866 und
788 3813 895 3866 Anione
908 3829 961 3867 von
975 3811 1102 3868 Navarra
1116 3813 1291 3884 eingelsder3
1309 3805 1355 3863 dall

226 3901 297 3956 auch
318 3899 415 3956 Calvio
435 3898 602 3969 eingeluden
621 3899 733 3952 worden
752 3899 800 3963 sei,
819 3899 952 3954 entbehrt
969 3899 1042 3956 nach
1059 3899 1148 3954 Baum
1164 3901 1206 3966 Il,
1227 3901 1278 3962 180,
1297 3897 1355 3952 alles

226 3987 366 4049 heweisos.

294 4077 312 4129 4
331 4062 407 4128 iiber
431 4073 477 4128 die
501 4073 677 4128 theiluahme
695 4074 921 4144 Wiirttamhergs
948 4091 968 4127 s.
987 4074 1075 4128 Baum
1094 4074 1134 4139 ΙΙ,
1159 4077 1211 4130 369
1235 4073 1286 4128 und
1303 4070 1353 4124 419.

224 4163 342 4232 Kugler,
378 4163 480 4232 herzog
517 4161 668 4232 Christoph
696 4163 738 4226 II,
772 4165 823 4218 305
855 4161 934 4215 fnhrt
965 4178 1032 4225 eus,
1067 4158 1123 4214 dall
1156 4159 1275 4216 Navarra
1307 4157 1353 4210 orsi

224 4249 361 4306 wahrend
380 4251 428 4304 des
447 4249 631 4318 colloquiums
655 4249 714 4305 sich
738 4249 813 4303 eines
838 4249 934 4304 frhher
957 4265 1013 4304 von
1034 4247 1138 4318 herzog
1157 4244 1296 4315 christoph
1313 4258 1352 4311 gh

224 4337 358 4391 mechten
371 4335 555 4400 anerbiotens,
577 4336 672 4405 einigo
682 4335 832 4404 theologos
846 4353 880 4388 zu
892 4333 1033 4400 echichen,
1047 4333 1185 4390 eriuueste
1197 4332 1249 4388 und
1259 4331 1351 4394 herzog

225 4421 375 4492 christoph
394 4423 493 4478 darum
510 4423 570 4488 bai,
589 4441 610 4478 s.
628 4423 701 4479 auoh
720 4422 824 4478 Soldan
841 4422 864 4487 I,
883 4423 942 4485 533,
