2830 5072
65 351 120 423 llil
585 357 646 418 263

61 535 152 602 gantur
170 531 213 588 eui
233 529 400 602 hypocritae.
442 528 518 601 liget
539 527 567 584 iu
590 541 706 594 summa,
728 524 867 600 quidquid
887 526 1005 600 poterit,
1026 541 1078 598 pro
1099 525 1190 598 repri-

60 633 148 692 mendo
167 633 309 710 evangelii
329 649 424 692 cursu.
874 687 877 694 .

124 738 184 797 Non
204 737 299 811 objeci
320 753 384 796 eam
404 739 608 810 cogitationem
629 735 665 794 de
686 735 852 794 accedendo
863 735 881 806 ¹,
902 743 1049 808 tamquam
1063 751 1137 792 unus
1153 751 1188 792 ex

60 842 213 901 Christiania
234 858 269 900 ex
282 843 376 912 Italia,
398 857 612 916 speraremque,
633 859 679 900 mc
700 857 784 914 posse
805 840 877 900 alios
898 840 997 900 exules
1016 839 1189 898 mecumha·

58 949 121 1018 bere,
141 954 170 1006 et
189 947 298 1022 aliquid
319 945 449 1019 proiecto
470 947 611 1022 boni.pro
631 947 726 1020 gioria
746 946 853 1006 Christi
875 951 1117 1020 consequeretar3
1138 943 1188 1002 lae·

60 1053 227 1122 turenturque
249 1050 290 1124 pii
311 1051 437 1123 episcopi
458 1056 488 1109 at
508 1050 572 1122 ulii,
595 1052 643 1124 qui
664 1058 730 1108 sunt
751 1052 779 1108 in
800 1051 886 1110 Italic
906 1057 936 1110 et
957 1049 1065 1120 Gallia,
1090 1065 1188 1122 quam·

59 1171 139 1226 qnam,
170 1154 246 1228 quod
267 1155 305 1214 ed
326 1153 400 1213 hanc
420 1169 511 1212 meam
532 1152 739 1228 protectionem
765 1157 889 1226 attinet,
922 1155 977 1214 erit
998 1153 1138 1212 orandum
1159 1159 1188 1212 et

55 1259 191 1330 petendum
212 1276 230 1318 a
252 1259 339 1318 Patre
361 1259 472 1317 eoeleati
493 1259 658 1330 consilium;
682 1259 842 1332 perieulum
863 1266 968 1330 eutem,
991 1275 1026 1316 ne
1047 1273 1092 1316 me
1113 1273 1188 1316 mar·

54 1369 131 1436 tyren
154 1364 279 1436 iaciant,
307 1380 424 1438 prorsus
446 1371 612 1434 contemtum
646 1365 754 1423 utinam
782 1365 851 1424 milri
872 1365 1035 1436 contingat!
1082 1361 1187 1422 Certus

54 1486 112 1537 aum,
134 1485 230 1542 regern
254 1467 412 1528 Navarrae¹
441 1479 521 1528 recta
547 1473 592 1528 viu
613 1469 750 1529 incedere
779 1475 808 1528 et
834 1485 940 1544 cupere
968 1469 1132 1528 restitutam
1157 1469 1186 1526 in

55 1573 133 1632 Gallia
152 1574 315 1634 doctrinam
338 1581 368 1632 et
388 1573 648 1648 gloriamchristi,
670 1575 721 1634 sed
743 1592 779 1634 ne
800 1577 894 1650 major
914 1575 1054 1634 tumultus
1075 1572 1187 1632 exoria-

53 1686 100 1750 tur,
127 1687 298 1740 cunctanter
318 1679 448 1753 procedit
475 1697 569 1753 neque
590 1681 688 1740 statim
709 1687 791 1739 curat
811 1677 1021 1754 projiciendum
1042 1683 1186 1752 papatum.

54 1782 154 1843 Certum
174 1791 232 1857 cst,
265 1785 342 1858 quod
368 1787 467 1844 exules
487 1791 607 1860 propter
633 1786 800 1860 religionem
827 1790 1007 1846 revocantur.
1049 1784 1185 1856 Tigurum

55 1895 134 1947 autem
155 1897 184 1950 et
205 1891 313 1962 Benna,
337 1893 385 1964 qui
406 1908 463 1950 non
483 1897 548 1951 sunt
571 1893 611 1952 illi
625 1909 713 1964 regno
728 1891 837 1952 loedere
857 1891 950 1962 juncti
960 1889 1080 1966 (Vestra
1095 1887 1185 1947 Celei·

52 1991 108 2050 tudo
135 1994 199 2070 scit)
229 1996 291 2067 J'arn
320 1995 421 2067 incipit
441 2011 528 2066 agere
550 1995 586 2053 de
608 1993 728 2054 loedere.
769 1995 867 2054 Dicam
894 1991 1030 2066 amplius,
1057 1991 1184 2052 animad-

51 2102 125 2170 uerto,
152 2099 272 2158 eosdem
298 2097 451 2170 Tiguriuos
479 2103 566 2172 utque
589 2097 751 2156 Beruenses
783 2111 887 2170 cupere
918 2097 947 2154 in
974 2111 1059 2154 eausa
1080 2093 1185 2152 eucha-

49 2197 123 2256 ristiae
143 2201 318 2274 colloquium
340 2199 499 2270 celebrari,
530 2215 643 2271 possem
665 2217 727 2272 ego,
759 2202 782 2258 si
811 2217 882 2272 opus
903 2207 993 2272 esset,
1021 2200 1183 2273 explorare,

49 2317 102 2359 uun
121 2321 155 2362 ex
175 2305 273 2364 animo
295 2305 419 2378 cupiant.

112 2409 322 2483 Bullingerus'
348 2411 439 2470 edidit
465 2413 570 2470 librum
592 2413 627 2471 de
649 2412 776 2471 conciliis
796 2413 969 2486 navavitque
990 2410 1093 2470 bonam
1114 2425 1182 2484 ope-

48 2527 111 2585 rom3
140 2515 270 2587 inspexi,
299 2515 424 2574 nondum
446 2517 522 2574 eninr
543 2518 656 2576 vacavit
676 2517 789 2589 legere,
822 2522 852 2576 et
871 2515 961 2576 multa
982 2513 1181 2585 animadverti,

48 2617 237 2688 prefuerunt
256 2621 300 2678 illi
320 2638 337 2678 a
359 2637 402 2678 me
425 2637 460 2679 ex
481 2637 621 2695 paparum
641 2621 723 2680 libris
744 2621 968 2680 subministrate.

111 2725 247 2797 Quotidie
269 2725 358 2796 magis
378 2725 522 2783 accendor
542 2730 572 2784 et
587 2724 703 2782 videtur
722 2741 795 2796 opus
815 2740 888 2793 esse,
910 2731 942 2784 ut
962 2729 1097 2796 nepotem
1117 2723 1182 2782 ruit·

46 2835 92 2886 tem
109 2831 136 2890 in
158 2829 309 2890 Galliam⁴
334 2829 370 2888 cb
392 2830 463 2888 dues
483 2831 662 2904 potissimum
682 2846 791 2890 cousus.
832 2831 935 2888 Altera
954 2829 991 2887 ad
1011 2828 1182 2900 religionem
1249 2817 1255 2840 '

46 2936 172 3008 pertinet,
203 2937 301 2994 ultera
321 2950 389 2994 vero
410 2934 446 2992 ad
475 2933 678 2992 stabiliendam
707 2933 849 2992 notionem
879 2948 1008 2991 meorum
1036 2937 1181 3002 nepotum,

46 3041 83 3109 qui
101 3058 143 3100 me
164 3041 260 3098 secuti
281 3045 348 3098 eurrt
367 3040 396 3097 in
418 3056 512 3098 meum
535 3039 671 3110 exilium,
702 3055 795 3111 neque
828 3037 976 3098 audebunt
1002 3036 1124 3110 amplius
1151 3038 1180 3094 in

45 3141 141 3203 ltaliam
162 3147 271 3204 redire.
309 3146 404 3218 Quare
424 3145 481 3202 illis
503 3143 709 3202 consulendum
732 3149 784 3215 est,
807 3143 872 3202 durn
894 3142 988 3200 adhuc
1007 3144 1086 3201 Deus
1106 3143 1181 3216 pati-

45 3253 82 3305 tur
100 3268 142 3307 me
165 3253 280 3323 vivere;
307 3253 355 3324 qui
383 3267 499 3309 suornm
520 3267 618 3308 curam
639 3267 695 3308 nou
716 3249 802 3308 habet
825 3247 934 3324 (inquit
954 3247 1079 3321 Spiritus
1100 3264 1181 3308 sanc·

596 3367 613 3404 t

103 3449 160 3503 re.
181 3468 209 3502 n.
232 3451 288 3503 ror.
327 3527 330 3532 Ι
645 3427 650 3435 ’

102 3536 160 3589 uS.
180 3554 208 3588 n.
229 3536 287 3590 107.

101 3625 116 3677 3
134 3623 270 3679 Heinrich
283 3623 437 3694 Bulliuger,
458 3624 520 3694 geb.
542 3625 574 3678 18
586 3623 644 3677 Juli
665 3625 732 3678 1504
750 3624 789 3678 im
803 3627 906 3679 canton
920 3623 1028 3688 Zdrich,
1048 3623 1181 3694 Zwinglis

46 3710 198 3781 nachiolger
217 3705 249 3763 in'
267 3711 315 3765 der
335 3711 515 3766 reformetion
540 3710 628 3767 seinea
654 3711 849 3776 vaterlundes‚
878 3712 1111 3784 hochcugeeehen
1138 3713 1180 3768 als

43 3797 177 3866 prodiger,
207 3798 323 3868 theolog
352 3800 410 3852 und
437 3799 518 3855 leiter
545 3800 593 3855 dea
619 3800 806 3856 ztir-ichiacheu
840 3802 1073 3856 kirchenweaens.
1121 3803 1179 3858 scit

42 3882 120 3937 seiuer
145 3885 269 3941 enkunit
287 3885 325 3938 im
345 3886 453 3940 Veltlin
475 3888 558 3942 stand
580 3888 684 3958 Verger
709 3887 761 3941 nuit
786 3888 845 3942 ihm
862 3889 890 3944 iu
912 3890 1040 3960 eifrigem
1060 3891 1180 3946 verkehr

41 3968 88 4032 [die
106 3970 192 4028 briefc
210 3974 332 4043 Vergers
350 3973 380 4026 in
406 3973 455 4028 der
473 3973 698 4029 Simmlerischen
718 3977 878 4046 sommlung
896 3978 959 4032 sind
977 3997 1038 4032 aum
1057 3977 1178 4048 grdssteu

42 4055 102 4110 theil
119 4061 193 4114 noch
211 4061 406 4131 uugedruelrtl.
445 4061 495 4114 [lie
514 4061 706 4117 freuudschaft
725 4065 863 4119 emischen
884 4065 983 4120 beiden
1002 4066 1081 4120 erlitt
1099 4083 1179 4120 man·

42 4141 102 4197 chen
119 4146 196 4210 aioth
216 4144 323 4218 Verger
335 4166 394 4203 war
412 4149 442 4202 in
453 4149 612 4220 Bullingers
630 4170 723 4219 angen
742 4172 774 4207 zu
793 4154 916 4224 unruhig
935 4155 992 4208 uud
1010 4154 1177 4226 geschllftig,

42 4245 58 4280 ι.
75 4231 230 4298 Pestaloaci,
249 4235 282 4290 Η.
297 4235 456 4307 Bullingers
475 4236 557 4292 leben
576 4237 633 4292 und
651 4241 844 4310 ausgewtlhlte
861 4241 1004 4297 schriiten.
1033 4241 1176 4296 Elberield

43 4316 119 4461 1858.4
137 4320 208 4464 Sllgll.
226 4323 335 4465 11167130.
356 4325 415 4380 184.
435 4325 494 4380 205.
514 4327 573 4384 209.
593 4328 652 4386 217.
