2852 5076
1295 329 1344 383 litt

223 515 287 572 Etsi
308 515 382 572 enim
403 529 456 585 per
476 529 528 569 nos
549 513 603 569 lroc
623 509 707 568 focile
731 509 810 568 vobis
831 509 975 581 integrum
997 512 1082 576 esset,
1103 511 1200 566 tamen
1217 523 1264 563 vos
1282 505 1307 563 iu
1323 523 1347 564 co

228 625 257 677 et
278 619 366 677 vostri
389 625 419 675 et
441 621 543 674 vestrae
564 632 675 690 sponsae
695 617 836 672 rationem
858 613 964 670 habere
985 611 1084 682 decet,
1113 611 1217 684 quibus
1243 612 1348 683 utrisque

226 723 294 780 inde
323 739 378 780 non
410 739 510 794 parurn
540 699 704 793 praejudicii
736 725 765 777 ct
796 720 950 777 tacitorum
980 717 1237 788 reprehensionum
1266 716 1348 788 passini

226 829 394 882 eventurum
416 829 500 880 esset.
530 823 696 880 iudicamus
716 827 821 889 autom,
843 822 916 879 lianc
935 826 1060 878 vestram
1082 823 1304 893 conjunctionem
1322 823 1351 876 ila

226 928 402 987 commodius
423 928 534 985 institui
555 941 654 998 posse,
684 941 785 997 nempe
804 928 835 981 ut
856 924 917 980 lraec
939 926 1080 982 iimtutino
1102 925 1228 982 diluculo
1249 927 1276 982 iu
1294 941 1351 996 pra·

225 1035 318 1091 sentia
339 1033 500 1104 aliqnornrn
521 1037 681 1088 vestrorum
702 1028 886 1086 familiarium
909 1034 958 1086 aut
980 1029 1017 1104 (si
1038 1029 1118 1086 vobis
1139 1031 1229 1100 uragis
1244 1027 1351 1098 videtur)

225 1141 255 1194 in
289 1139 381 1196 vicino
413 1137 509 1208 aliquo
540 1153 627 1209 prige),
663 1134 726 1209 (ubi
758 1135 843 1192 ctiam
872 1133 998 1191 interdiu
1030 1135 1122 1192 minor
1152 1141 1196 1192 est
1222 1150 1354 1192 concursus

223 1241 314 1316 vulgi)
340 1241 447 1312 absque
475 1241 674 1298 instrumentis
703 1239 817 1296 musicis
844 1239 964 1311 aliisque
993 1239 1103 1311 pompis
1131 1245 1161 1296 et
1188 1236 1353 1297 solemnitati·
1407 1279 1408 1322 3

228 1347 282 1403 bus
302 1346 361 1404 fiat.
1406 1327 1407 1342 ³

303 1450 451 1518 Secundo,
474 1451 549 1522 quod
570 1449 698 1521 pertinet
719 1449 756 1508 ad
777 1455 901 1508 vestrum
924 1449 1043 1520 victum,
1070 1466 1153 1522 quem
1175 1448 1255 1506 vobis
1274 1450 1301 1504 in
1318 1463 1353 1518 po·
1406 1503 1412 1512 ,,

226 1560 334 1612 storum
357 1555 464 1625 largius
486 1553 609 1624 praeberi
631 1555 738 1625 oratis,
771 1553 969 1612 mandabimus
996 1553 1033 1610 ad
1053 1555 1151 1626 priora
1178 1553 1271 1611 adhuc
1295 1551 1354 1620 addi,
1406 1533 1407 1592 3

227 1661 285 1716 vini
314 1658 444 1716 fuderam
473 1677 573 1730 urium,
602 1665 746 1731 praeterea
777 1659 917 1730 lignorum
950 1655 1092 1716 claffteras
1123 1655 1207 1732 (quas
1227 1659 1269 1714 ita
1288 1657 1355 1726 vulgo

226 1762 390 1837 appellant)
422 1769 504 1832 octo,
537 1765 606 1821 item
637 1780 736 1820 aveuae
761 1763 871 1821 modios
898 1762 1000 1835 viginti
1027 1767 1115 1834 atque
1143 1763 1243 1834 speltae
1266 1759 1355 1818 modios

227 1866 355 1938 triginta.

307 1973 420 2040 Tertio,
453 1990 515 2046 quse
542 1973 667 2032 scribitis
690 1972 724 2030 de
746 1979 877 2030 matrona
897 1971 1010 2044 hospite
1032 1976 1144 2040 vestra,
1173 1986 1235 2042 quae
1257 1973 1357 2026 avocata

232 2077 370 2149 'ligurum
391 2075 470 2134 abire
492 2082 590 2148 parat,
623 2094 685 2135 cam
706 2077 893 2149 relinquimus
914 2076 1003 2147 ipsius
1024 2073 1146 2132 arbitrio
1168 2081 1198 2131 et
1223 2071 1357 2131 commodi-

229 2182 298 2251 tati3
321 2199 354 2240 ac
375 2187 504 2253 apparet,
527 2197 588 2238 eom
611 2181 640 2238 in
661 2179 717 2238 fide
739 2180 863 2238 noudum
886 2181 955 2238 satis
976 2195 1039 2238 esse
1060 2178 1266 2238 confirmatam.

306 2286 389 2357 Quod
411 2292 507 2344 autem
528 2288 660 2356 censetis,
682 2287 736 2356 ipsi
758 2284 804 2342 hic
825 2283 1002 2356 Stutgardiae
1023 2283 1226 2342 diverticulum
1246 2284 1356 2356 preben-

227 2389 294 2447 dnm
316 2405 387 2459 esse,
409 2390 461 2447 hoc
490 2391 606 2446 minime
635 2389 716 2447 nobis
748 2390 908 2446 consultum
936 2387 1070 2460 vitietur,
1101 2390 1207 2460 quippe
1236 2405 1297 2461 quae
1324 2386 1358 2443 hic

227 2494 311 2564 plura
332 2509 415 2566 quam
437 2493 575 2563 Tubiugae
596 2494 777 2550 incommoda
798 2493 947 2562 habitura,
979 2493 1091 2566 ipsique
1119 2496 1245 2567 majores
1266 2492 1358 2550 insidiae

227 2598 363 2656 timendae
378 2599 566 2670 gravioraque
582 2600 711 2672 pericula
732 2599 924 2670 exspectanda
945 2605 1050 2670 essent,
1071 2604 1173 2669 utpote
1193 2600 1223 2655 in
1244 2599 1303 2657 loco
1321 2613 1358 2670 po-

227 2702 329 2774 puloso
351 2707 381 2758 et
402 2703 450 2760 nbi
472 2702 592 2760 subinde
616 2704 706 2760 omnis
734 2705 849 2775 generis
877 2705 1006 2761 homines
1034 2720 1157 2776 peregre
1184 2704 1315 2762 advenire
1338 2707 1359 2757 et
1411 2755 1412 2758 ,

228 2809 375 2866 divertere
398 2809 501 2866 solent.
542 2820 545 2824 ·

308 2911 366 2969 Sed
393 2917 424 2970 ut
445 2912 542 2970 videat
570 2929 664 2970 arcem
692 2918 819 2971 nostram
842 2913 1073 2985 'l'ubiugenscm,
1105 2914 1160 2971 hoc
1187 2931 1243 2972 nou
1268 2918 1360 2972 tantun

229 3033 285 3074 non
305 3016 484 3089 impedimus,
507 3033 605 3074 verum
627 3017 713 3075 etiam
734 3017 811 3075 hisce
833 3017 977 3090 adjunctis
1004 3018 1111 3075 litteris
1137 3018 1272 3092 praelecto
1298 3019 1360 3090 ejus·
1411 3057 1412 3062 η

229 3118 294 3178 dem
315 3119 389 3178 arcis
408 3126 514 3178 nostrae
536 3122 682 3192 inscriptis
703 3121 879 3193 mandamus,
901 3127 932 3179 ut
953 3123 981 3178 in
1004 3138 1068 3180 eam
1088 3122 1321 3182 intromittamini.

311 3225 460 3298 Ceterum,
493 3225 570 3298 quod
599 3227 627 3282 iu
650 3207 776 3282 secunda
797 3231 893 3283 vestra
922 3227 1046 3298 epistola
1072 3227 1197 3286 scribitis
1223 3228 1258 3287 de
1277 3231 1360 3290 Asoto

232 3346 283 3387 nos
306 3330 475 3402 curabimus,
498 3337 530 3390 ut
552 3349 615 3388 cum
636 3331 765 3404 theologi
786 3334 879 3390 nostri
900 3332 1061 3391 Wormatia
1083 3333 1238 3405 redierint,
1259 3331 1306 3405 ipsi
1324 3344 1360 3385 re-

230 3435 413 3506 spondeatur.

309 3541 464 3599 Decretum
491 3541 700 3613 Ratisponense
731 3546 907 3612 postremum
929 3542 1058 3612 reperire
1080 3545 1125 3598 est
1146 3539 1282 3612 Tubingae
1299 3532 1361 3607 typis

229 3661 386 3702 excussum.
417 3645 573 3703 Versiones
587 3652 680 3704 tamen
704 3653 814 3705 vestras
835 3651 921 3718 atque
943 3663 978 3705 ea
999 3646 1114 3717 scripta,
1136 3663 1201 3718 quae
1218 3647 1297 3718 juxta
1314 3640 1358 3696 hot

229 3749 376 3806 decretum
399 3748 525 3822 dirigere
547 3750 647 3821 vultis,
677 3751 809 3808 nolumus
831 3768 848 3808 a
868 3751 949 3809 vobis
970 3751 1034 3822 edi,
1068 3767 1152 3821 quam
1173 3767 1225 3807 nos
1246 3745 1360 3820 cuprius

229 3852 386 3910 viderimus
407 3859 437 3911 et
458 3853 720 3926 approbaverimus.
752 3855 824 3912 Nam
846 3857 875 3911 in
898 3871 932 3912 eo
953 3856 1015 3928 ipso
1038 3855 1156 3913 decreto
1177 3845 1359 3926 Ratisponensi

228 3958 326 4030 plures
348 3964 376 4016 ct
397 3960 484 4016 varice
505 3975 552 4016 res
574 3963 752 4029 tractantur,
786 3977 850 4031 quac
878 3975 934 4018 uon
965 3965 1107 4032 perpetuo
1136 3959 1288 4016 secuudum
1305 3955 1359 4011 sim·

228 4062 331 4136 plicem
352 4063 675 4146 dumtaxatvverborum
696 4069 827 4121 tenorem
849 4068 937 4136 atque
958 4063 1094 4137 phraseiu
1116 4079 1289 4122 communem
1306 4060 1359 4115 sunt

230 4169 404 4240 accipiendae
425 4168 696 4242 intelligentiaeque,
725 4170 776 4227 sed
804 4186 876 4240 opus
893 4175 956 4240 est,
984 4175 1017 4227 ut
1037 4171 1099 4244 quis
1119 4171 1179 4228 alia
1199 4169 1284 4228 multa
1300 4178 1358 4239 prae·

173 4265 175 4268 ’
230 4273 362 4330 cedentia
383 4280 413 4330 et
433 4276 513 4346 prius
533 4279 598 4332 acta
617 4273 691 4333 bene
713 4279 866 4346 perspecta
887 4280 917 4332 et
939 4275 1053 4346 cognita
1074 4274 1190 4332 lrabeat.

310 4377 471 4438 Oardiualis
493 4376 677 4450 tridentinus,
699 4379 782 4450 quus
803 4377 961 4451 alloquium
981 4379 1011 4436 in
1032 4378 1121 4437 tertia
1142 4381 1237 4437 vestra
1256 4368 1357 4449 epistola
