2910 5080
775 357 823 432 '53
1313 361 1371 418 itit

228 541 358 616 debitur)
379 542 542 604 consultum
565 540 643 615 iore,
672 541 695 600 si
722 555 758 600 ea
785 554 838 614 per
858 537 983 613 aliquem
1011 555 1047 596 er
1068 538 1127 596 suis
1149 537 1296 597 nuntiaret
1316 536 1371 600 iiiu-

227 648 366 710 serissime
377 647 404 706 d.
413 645 545 707 Saxoniae
567 643 642 716 dnoi,
663 641 818 704 Herculem
828 641 1059 702 Ferrariensinnr
1080 639 1181 698 dneem
1202 639 1297 700 adimo
1317 655 1372 702 esse

228 765 263 812 eo
283 752 387 823 auimo,
410 765 467 824 qno
488 747 594 816 iuerat,
616 752 646 806 et
666 761 772 819 nupero
793 743 881 804 titiam
901 743 961 803 tilio
983 728 1085 815 nuptui
1105 742 1239 815 tradere,
1265 750 1295 810 ot
1315 745 1372 804 iror·

231 857 290 917 tari
310 856 390 915 ilium
411 861 452 928 ut,
473 860 659 928 posteaquam
668 851 748 912 Deus
768 849 853 910 finem
875 850 989 910 dederit
1010 848 1096 920 bello,
1118 849 1189 908 velit
1208 848 1373 913 audireCel·

227 959 382 1020 titudinem
393 961 535 1030 Vestram,
556 973 620 1030 quea
632 958 780 1031 negotium
791 954 1023 1024 habetinmanu,
1044 959 1201 1027 antequam
1221 953 1307 1013 aliam
1327 953 1372 1012 du·

131 1141 135 1150 ,
217 1071 289 1153 ¹eat3
310 1070 341 1124 et
361 1065 431 1123 satis
452 1061 488 1124 de
510 1065 626 1138 nuptiis.
668 1062 752 1123 Nune
771 1062 808 1121 ad
828 1061 997 1135 reliqua-
1011 1059 1104 1132 Quum
1126 1073 1219 1118 essem
1230 1058 1371 1132 Terbingee¹
1431 1127 1432 1136 ἵ

228 1167 329 1248 sumpsi
340 1166 512 1227 eelsitudini
521 1166 642 1234 Vestrae,
660 1165 851 1224 adventurum
870 1163 958 1224 fuisse
978 1163 1007 1221 in
1028 1163 1101 1224 harro
1121 1165 1270 1238 regionem
1292 1179 1372 1237 quen·

228 1274 294 1334 dam
313 1273 441 1348 legatum
462 1272 567 1347 Papa,
597 1289 615 1332 a
642 1287 699 1344 quo
727 1271 794 1330 mitri
825 1269 925 1330 inisset
946 1283 1119 1342 magnopere
1141 1268 1318 1340 timendum,
1348 1276 1372 1327 et

228 1378 327 1451 rogavi
349 1393 421 1448 eam,
442 1382 474 1436 ut
495 1377 584 1436 vellet
604 1377 800 1450 meTnbingee
820 1379 977 1450 snsoipere,
997 1374 1023 1434 si
1043 1378 1231 1448 posteaquam
1251 1376 1280 1434 iu
1294 1375 1371 1434 Rha·
1432 1459 1433 1462 Ἴ

229 1482 299 1540 tiam
320 1479 479 1550 rediissem,
498 1480 634 1540 uidissem
655 1497 711 1540 non
730 1495 814 1554 pesse
835 1494 881 1538 me
902 1481 1039 1538 resistere
1060 1478 1152 1540 furori
1171 1482 1251 1542 iliius
1265 1479 1372 1549 bellna,
1432 1467 1433 1496 ¹

159 1665 164 1682 ι
231 1588 261 1642 et
285 1583 432 1644 Oelsitudo
453 1584 557 1642 Vestra
584 1599 636 1658 per
660 1599 775 1644 menum
804 1584 831 1642 d.
854 1583 992 1644 Creteri¹
1017 1582 1142 1656 benigne
1172 1583 1321 1660 respondit
1339 1583 1372 1653 id,

232 1691 309 1766 quod
325 1691 410 1750 etiam
428 1691 553 1765 propriis
569 1691 733 1750 uerbisnon
749 1692 837 1750 semei
853 1689 967 1750 dixerat
979 1689 1049 1748 mihi
1062 1687 1142 1764 (qna
1153 1691 1217 1764 ejns
1228 1694 1274 1752 est
1287 1689 1372 1762 pietas

230 1802 261 1854 et
280 1794 457 1871 elementia),
478 1813 580 1870 nempe
596 1795 679 1871 ¹quod
699 1795 836 1868 venirem,
858 1795 973 1869 quando
994 1792 1107 1863 uellem,
1136 1793 1213 1868 quod
1234 1793 1302 1854 mihi
1322 1809 1372 1852 non
1433 1783 1434 1828 ἶ

230 1903 307 1957 esset
328 1896 471 1958 defutura.
512 1898 598 1957 Nune
616 1898 707 1971 igitur
727 1895 848 1970 affirmo,
869 1899 998 1972 legatum
1024 1900 1117 1971 ipsum
1139 1900 1199 1971 jam
1229 1899 1371 1960 advenisse

229 2003 259 2060 in
279 2001 437 2074 proximam
458 2000 600 2074 quandam
623 2000 723 2060 urbere
745 2005 775 2058 et
795 2002 905 2070 sarire,
927 2017 961 2059 ee
980 2001 1107 2062 insanire
1128 2019 1188 2076 pree
1209 2003 1291 2062 rabie
1311 2019 1371 2062 oon·

229 2112 275 2164 tra
297 2121 396 2164 omnes
417 2105 611 2177 Christianos,
639 2105 691 2164 sed
709 2108 872 2179 praesertim
893 2111 994 2166 eontra
1013 2123 1068 2166 me.
1108 2107 1196 2166 Mitto
1216 2108 1264 2169 hio
1284 2123 1372 2168 exem·
1434 2151 1435 2174 ,

226 2211 306 2285 ptum
326 2210 390 2282 eJus
410 2209 601 2282 auctoritatis,
623 2226 689 2269 nam
708 2210 834 2269 minatur
854 2209 993 2284 dareeres,
1014 2216 1160 2272 tormenta
1181 2218 1212 2272 et
1229 2213 1371 2287 snppdoia.

229 2315 324 2389 Hujus
344 2314 496 2374 nebulonis
516 2329 605 2388 opera
624 2331 707 2374 meus
725 2316 751 2374 is
776 2331 880 2390 nepos,
908 2331 995 2389 quum
1024 2331 1099 2376 nuno
1118 2315 1287 2376 Ferrariam
1312 2317 1372 2388 iret,

228 2419 324 2480 fuerat
343 2429 452 2494 eaptus,
473 2417 525 2478 sed
545 2417 619 2494 fugit
639 2437 676 2480 ex
697 2417 838 2493 unguibus
859 2421 922 2493 ejus
944 2419 990 2496 (nt
1004 2420 1087 2481 initio
1098 2420 1215 2500 scripsi)
1237 2423 1372 2496 ejusdem·

168 2558 175 2572 ·
231 2540 287 2600 que
308 2539 397 2597 opera
417 2525 543 2596 nuntius,
565 2523 613 2601 qni
632 2520 746 2582 ferebat
765 2522 880 2582 litteras
891 2521 1077 2583 celsitudinis
1088 2525 1199 2587 Vestrae
1221 2525 1259 2585 ed
1280 2526 1372 2586 duoem

138 2619 145 2628 ’
229 2631 425 2702 Venetorum,
456 2645 509 2703 pro
539 2622 712 2688 liberatione
739 2629 817 2687 illins
844 2626 943 2688 fratris
964 2627 1157 2702 Christiaui⁸‚
1186 2632 1236 2703 qui
1263 2646 1317 2705 per
1336 2629 1371 2687 XI

228 2751 318 2795 annos
345 2737 468 2795 rustinet
495 2749 644 2802 namanes,
675 2738 776 2807 raptus
803 2733 839 2792 de
867 2733 962 2794 media
982 2736 1029 2794 ria
1055 2732 1152 2794 fuerat
1178 2735 1208 2792 in
1234 2749 1371 2794 carcerem

230 2841 386 2913 eonjeotus,
408 2837 460 2897 sed
482 2837 633 2907 dveueti,
655 2853 740 2910 quum
762 2835 931 2894 audiissent·
943 2852 1009 2895 eum
1028 2835 1106 2897 ferre
1117 2837 1237 2897 Vestras
1257 2839 1371 2906 litteras,

223 2945 376 3016 jusserunt
395 2942 529 3014 liberari,
561 2941 612 3000 sed
634 2940 761 3000 nondum
782 2937 906 2999 oonieoit
926 2940 1087 3014 negotium,
1120 2941 1186 3001 ideo
1214 2961 1272 3002 non
1292 2942 1372 3002 rediit

228 3047 267 3106 ad
294 3065 347 3106 me.
388 3049 422 3106 In
449 3063 559 3107 summa
585 3061 703 3105 neeesse
735 3049 798 3117 est,
827 3051 859 3104 ut
879 3045 1010 3105 secedam
1031 3047 1067 3106 ab
1088 3046 1132 3106 his
1152 3046 1257 3106 finibus
1277 3047 1371 3112 Italia,

233 3138 335 3211 saltem
356 3151 393 3211 ad
415 3157 543 3224 tempus,
571 3151 697 3224 alioquin
722 3150 843 3222 papistee
872 3149 1001 3222 perdent
1023 3167 1068 3210 me
1091 3153 1193 3225 procui
1220 3151 1321 3211 dubio:
1349 3150 1371 3208 si

229 3272 298 3314 vero
319 3255 512 3316 secedendum
532 3257 586 3327 sit,
615 3254 703 3314 alium
723 3254 817 3314 lorum
850 3254 1026 3330 (intercepta
1051 3256 1122 3316 mihi
1148 3254 1255 3330 Anglia
1268 3256 1290 3335 ⁸)
1318 3271 1370 3315 uon

228 3359 336 3432 habeo,
363 3377 446 3434 quam
475 3376 539 3419 eum
567 3362 675 3432 ipsum,
705 3375 789 3434 <ruem
812 3358 961 3419 celsitudo
982 3361 1090 3420 Vestra
1109 3361 1179 3420 mihi
1199 3361 1304 3422 obtulit
1321 3374 1369 3434 pro

229 3482 282 3525 sua
302 3465 462 3524 elementia.
505 3464 643 3538 Tubingoe
664 3465 762 3538 itaque
783 3479 919 3538 euperem
940 3464 1061 3535 haerere,
1084 3466 1221 3540 quamdiu
1241 3464 1371 3526 Dominus

229 3572 327 3643 vellet,
350 3575 380 3629 et
400 3568 528 3628 sohoiam
548 3574 636 3643 atque
657 3571 805 3631 ecelesiam
820 3571 925 3643 juvare
950 3586 1003 3644 pro
1024 3571 1113 3643 viriii;
1135 3588 1197 3632 snm
1218 3588 1271 3644 ego
1290 3581 1368 3643 qnar-

795 3687 809 3719 gr

300 3798 313 3852 1
334 3796 443 3860 Grdter,
463 3813 483 3849 e.
503 3797 546 3850 br.
566 3813 593 3849 n.
615 3799 637 3850 1,

298 3897 314 3948 2
335 3893 437 3948 Baldus
456 3890 610 3962 Lupetinur
628 3909 683 3948 von
706 3893 822 3948 Albona.
860 3893 915 3948 Das
934 3893 1038 3948 nituere
1058 3893 1125 3948 iiber
1143 3892 1239 3948 diesen
1258 3901 1366 3959 evange-

227 3981 334 4036 lisohen
354 3981 492 4050 martyrer
510 3998 531 4034 s.
550 3997 578 4034 n.
598 3979 639 4035 17.
1314 4034 1317 4042 ,

301 4069 318 4122 3
337 4065 430 4120 Duroh
449 4066 504 4124 deu
522 4067 573 4121 ted
591 4066 681 4136 konig
699 4066 825 4121 Eduardo
844 4066 890 4132 VI,
911 4067 973 4122 dem
993 4067 1099 4138 Verger
1118 4066 1195 4120 seine
1214 4067 1314 4123 bireher
1329 4063 1365 4115 ue

227 4153 401 4224 portamenti
414 4151 443 4206 di
452 4153 531 4222 Papa
541 4153 634 4208 Giulio
645 4153 686 4208 ΙΙΙ
705 4153 763 4208 und
776 4154 859 4210 Della
874 4153 1016 4210 creatione
1031 4154 1077 4209 del
1094 4171 1185 4209 nuovo
1196 4155 1272 4224 Papa
1282 4147 1375 4208 Ginlio·

227 4240 281 4306 ΙΠ,
310 4239 404 4310 Serap.
423 4258 444 4294 s.
461 4242 502 4306 71,
521 4259 549 4295 n.
570 4242 611 4296 18.
632 4241 665 4295 19
685 4241 837 4310 gewidmet
855 4241 935 4298 hatte
954 4241 1054 4312 (wofflr
1072 4259 1103 4296 er
1120 4242 1166 4297 ein
1185 4236 1364 4296 ansehnliohes

228 4326 369 4396 gerohenk
382 4326 495 4397 erhielt)
509 4328 568 4382 und
586 4328 673 4385 duroh
693 4327 738 4384 die
760 4329 1014 4401 throubesteigung
1030 4329 1134 4385 Marias
1146 4347 1206 4385 war
1216 4329 1279 4400 jede
1295 4329 1363 4390 meg·

227 4413 354 4482 licukeit,
367 4413 397 4468 in
408 4413 538 4487 Eugland
551 4415 673 4472 nuflnoht
685 4416 744 4472 und
759 4415 979 4488 wirirungskreis
988 4431 1020 4471 ru
1031 4417 1134 4481 finden,
1147 4409 1361 4472 rersehrruudeu.
