2830 5072
763 373 826 434 320
1289 366 1340 423 litt

297 541 351 602 Est
372 547 402 600 et
422 539 502 602 aliud
524 539 665 612 nuntium,
688 541 765 615 quod
780 543 871 600 Roma
888 541 1033 613 scribitur,
1054 541 1146 618 (quod
1165 538 1289 600 fortassis
1305 541 1342 598 de·

219 649 262 708 dit
281 663 396 706 causam
416 646 512 718 Papae,
533 653 567 706 nt
586 647 616 704 in
637 663 703 706 oum
723 648 838 707 modum
858 647 895 706 ad
916 647 1046 706 dominos
1059 647 1189 706 Venetos
1207 645 1343 720 scripserit)

218 753 341 812 rediisse
363 751 473 812 scilicet
493 767 530 808 ex
551 749 647 808 Gallia
666 751 806 816 nuntium,
830 749 879 824 qni
900 749 987 824 Papae
1007 750 1203 818 nuntiaverit,
1224 749 1294 822 qnod
1311 765 1344 806 se·

218 859 385 918 renissimus
406 856 545 916 Navarrce
566 855 641 914 rex¹
662 873 730 916 usus
751 854 841 916 inerit
868 855 905 914 de
925 856 1005 927 Papa
1039 853 1240 927 thuscemodi
1259 851 1345 922 verbis,

219 963 297 1039 qnod
316 980 374 1022 non
389 963 427 1020 sit
441 961 645 1034 roveraPapa,
667 960 719 1020 sed
739 961 816 1036 qnod
837 961 942 1020 emerit
960 966 1097 1034 papatum
1118 959 1238 1032 adjutus
1258 975 1275 1016 a
1292 973 1346 1032 qno·

221 1067 287 1126 dam
306 1065 399 1124 Italiae
419 1063 562 1138 principe,
593 1068 623 1123 et
644 1081 709 1122 cnm
729 1081 782 1136 per
802 1062 951 1122 simoniam
972 1070 1089 1122 evectus
1109 1061 1219 1133 inerit,
1248 1077 1347 1134 sperare

219 1189 260 1243 se,
281 1169 359 1244 quod
379 1169 510 1228 dominns
531 1168 611 1226 Dens
631 1167 668 1224 sit
689 1183 753 1226 eum
774 1168 935 1240 puniturus.
966 1161 1091 1226 'Deinde
1112 1165 1267 1238 addidisse,
1287 1165 1347 1238 quod

221 1277 316 1336 Gallia
330 1251 443 1348 semper
453 1271 542 1334 luerit
552 1271 795 1344 christianissima,
811 1278 841 1330 et
851 1273 876 1330 si
887 1272 954 1345 qnid
965 1287 1050 1344 reges
1062 1277 1242 1342 erraverunt,
1253 1286 1348 1329 errave-

220 1380 325 1439 runtin
334 1376 595 1450 damnumregni'et
605 1374 1034 1448 innocentumtihristianornm,
1045 1377 1094 1448 qui
1102 1373 1221 1434 fuerunt
1231 1374 1349 1434 combusti

220 1502 256 1544 ex
276 1484 397 1543 consilio
418 1488 449 1542 et
468 1481 654 1554 instigatione
673 1496 822 1554 poparum,
845 1488 875 1540 et
896 1481 974 1554 quod
994 1480 1079 1540 modo
1092 1497 1149 1540 non
1163 1485 1232 1539 sunt
1246 1479 1349 1552 amplius

222 1603 257 1646 ea
276 1592 415 1660 tempora.
456 1584 540 1656 Quod
560 1589 668 1658 speret,
689 1600 720 1642 se
741 1601 824 1658 posse
845 1600 1019 1656 recuperare
1043 1592 1156 1660 partem
1183 1587 1281 1658 regni,
1300 1601 1349 1657 qne

220 1691 309 1750 adse
331 1695 457 1762 spectat,
486 1689 599 1749 etiamsi
619 1689 700 1760 Papa
721 1689 856 1748 noluerit.
897 1689 1030 1762 Denique
1051 1690 1108 1762 ait,
1129 1691 1240 1764 Papam
1259 1688 1347 1748 debere

221 1795 329 1856 habere
350 1798 379 1854 in
399 1796 549 1866 memoria,
578 1795 656 1868 qnod
683 1795 741 1853 dnn
761 1794 925 1854 Borbonii⁹
952 1793 1006 1854 luit
1027 1794 1126 1854 Gallus
1147 1801 1179 1853 et
1200 1812 1258 1853 non
1277 1795 1348 1852 Italus

221 1908 272 1961 aut
292 1901 447 1975 Hispanus.
834 1911 840 1918 ’

302 2007 354 2064 Est
373 2006 404 2086 in
423 2003 526 2063 iisdem
546 2005 670 2078 litteris,
703 2005 779 2079 quod
803 2006 882 2078 Papa
905 2005 1051 2065 obtulerat
1071 2007 1164 2064 eidem
1186 2006 1348 2066 serenissimo

221 2112 284 2184 regi
305 2111 451 2170 civitatem
463 2109 657 2182 Avinionsem,
679 2127 715 2170 ne
736 2111 865 2182 litigaret
885 2129 938 2185 pro
960 2112 1082 2184 quadam
1103 2117 1187 2183 parte
1208 2112 1287 2184 regni
1305 2109 1349 2167 lla·

221 2233 314 2276 varrae
335 2232 398 2274 cum
419 2215 562 2288 Philippo.

299 2321 407 2380 Paulus
428 2321 477 2392 ait,
499 2337 561 2378 esse
582 2319 755 2390 laetandum,
786 2320 810 2376 si
832 2319 918 2377 etiam
939 2337 991 2392 per
1012 2321 1210 2389 occasionem,
1241 2321 1292 2378 hoc
1309 2323 1350 2382 est,

220 2444 277 2486 non
299 2443 335 2484 ex
354 2425 502 2498 proposito
522 2423 658 2481 laudetur
678 2423 765 2480 Dens.
808 2421 903 2492 Quare
931 2421 1086 2480 laetandum
1112 2422 1262 2488 existimo,
1291 2420 1351 2494 qnod

221 2534 285 2592 istae
304 2529 398 2589 turbae
418 2529 496 2588 inter
516 2529 624 2602 Papam
645 2533 675 2586 et
696 2543 794 2599 regem
814 2525 896 2584 illum
919 2532 1028 2585 exortae
1048 2525 1174 2599 luerint3
1197 2526 1352 2600 sperandum

222 2645 275 2709 est,
297 2634 408 2708 aliquid
428 2635 496 2693 boni
517 2633 586 2691 inde
607 2637 837 2692 consecuturum.

300 2740 380 2813 Papa
399 2744 478 2798 totns
500 2755 575 2796 nunc
596 2740 626 2797 in
647 2753 682 2796 eo
704 2743 757 2809 est,
778 2743 810 2796 ut
831 2753 935 2796 novum
956 2737 1085 2796 inveniat
1098 2737 1225 2812 modum,
1248 2755 1301 2813 quo
1314 2737 1353 2795 de·

221 2847 319 2920 inceps
340 2851 455 2904 creetur
476 2861 567 2903 novus
587 2844 675 2917 Papa,
698 2843 843 2916 egregiam
865 2858 935 2902 vero
956 2841 1171 2916 cogitationem.

301 2951 414 3011 Dictavi
439 2955 526 3024 atque
553 2949 662 3008 absolvi
689 2949 726 3007 ad
752 2947 976 3008 illustrissimum
997 2949 1143 3007 Ferraria
1170 2945 1355 3008 cardinalem⁸

220 3059 334 3117 litteras
353 3056 451 3115 italice
472 3053 602 3130 quidem,
630 3053 731 3113 sedin
752 3054 888 3112 Latinum
908 3056 1052 3126 converti,
1074 3060 1107 3113 nt
1127 3053 1235 3128 possim
1257 3055 1355 3114 Vestrae

221 3161 426 3222 Illustrissimae
447 3161 618 3232 Celsitndini
640 3161 809 3232 ostendere3
831 3161 942 3220 mittam
964 3163 1169 3233 cumprimum
1193 3160 1300 3220 fuerint
1318 3160 1356 3218 de·

223 3268 346 3340 scriptae.

307 3372 374 3430 Misi
401 3370 519 3430 tandem
547 3371 750 3433 eleemosinam
771 3373 830 3431 200
849 3370 1024 3430 florenorum
1052 3371 1081 3428 in
1102 3371 1284 3444 Rhaetiam⁴3
1313 3387 1357 3428 non

787 3477 802 3509 a

295 3554 308 3606 1
328 3551 354 3604 S.
373 3567 400 3605 n.
422 3553 469 3607 107
489 3553 547 3606 und
566 3551 716 3609 besonders
735 3571 763 3610 ιι.
783 3553 841 3608 136.
877 3601 880 3604 .

292 3638 382 3694 2Βοι
400 3639 568 3696 connotable
586 3639 654 3695 Karl
672 3658 727 3696 von
747 3641 891 3706 Bourbon,
912 3641 960 3697 der
978 3631 1108 3696 eroborer
1128 3658 1183 3696 von
1204 3641 1274 3698 Rom
1294 3640 1358 3695 1527.

223 3725 343 3782 rreilien
363 3745 421 3782 war
440 3743 486 3781 um
506 3727 582 3782 disse
601 3727 657 3783 zeii
674 3728 803 3784 Navarra
828 3729 914 3784 sehon
933 3728 1000 3784 halb
1021 3729 1073 3784 auf
1086 3729 1282 3785 katholisoher
1298 3725 1357 3780 scite

222 3815 280 3869 und
299 3813 373 3870 dieue
390 3815 553 3886 tnsserung‚
583 3833 666 3871 wenn
691 3835 720 3872 er
744 3817 784 3871 sie
805 3817 834 3886 je
861 3817 968 3886 gethan
992 3815 1061 3879 ‘aaa
1092 3835 1222 3872 warnur
1240 3812 1359 3870 eineder

223 3900 316 3956 vielen
334 3901 565 3974 schwankungen
585 3903 634 3956 des
651 3903 792 3957 haltlosen
811 3920 936 3958 mannes.

291 3992 307 4044 3
327 3989 353 4044 S.
374 3990 425 4045 das
443 3989 662 4046 ausfrihrlichere
681 3991 723 4044 br.
743 4010 769 4044 n.
791 3993 849 4047 143.
885 3991 941 4046 Der
958 3989 1023 4046 titel
1043 3991 1093 4054 ist:
1130 3991 1171 4044 De
1189 3981 1358 4061 grumenti,

223 4076 273 4132 ohe
293 4075 386 4133 fianno
404 4077 415 4131 i
433 4077 546 4132 vescovi
564 4077 591 4133 al
611 4079 696 4148 Papa.
727 4078 785 4132 All'
804 4077 991 4132 illustrissimo
1011 4077 1086 4133 card.
1106 4079 1135 4132 di
1154 4077 1277 4132 Ferrara.
1316 4068 1359 4122 05⁰

168 4171 172 4176 “
221 4162 403 4218 italiltnische
431 4163 554 4234 ausgabe
581 4163 619 4219 ist
646 4183 710 4220 vom
737 4168 769 4220 15
786 4165 862 4220 Mltrz
883 4167 958 4219 1562.
995 4163 1046 4219 Die
1070 4165 1217 4218 deutsche:
1243 4165 1286 4215 An
1312 4157 1358 4209 dell

221 4249 440 4320 hochwdrdigen
459 4251 558 4306 herren
578 4251 753 4322 Hippolyten
773 4253 915 4308 Estensem
935 4254 987 4308 etc.
1008 4269 1071 4307 vom
1089 4251 1214 4308 Februer
1233 4247 1298 4304 1562
1316 4242 1358 4295 da·

221 4336 280 4390 tiri.
317 4336 412 4406 Serap.
431 4355 452 4390 s.
472 4337 514 4391 98.
534 4355 561 4390 n.
582 4341 641 4392 114.

291 4423 353 4478 48.
372 4441 399 4476 n.
420 4423 468 4479 137
489 4423 517 4476 ff.
