<?xml version="1.0" encoding="UTF-8"?>
<!DOCTYPE html PUBLIC "-//W3C//DTD XHTML 1.0 Transitional//EN"
    "http://www.w3.org/TR/xhtml1/DTD/xhtml1-transitional.dtd">
<html xmlns="http://www.w3.org/1999/xhtml" xml:lang="en" lang="en">
 <head>
  <title>
</title>
<meta http-equiv="Content-Type" content="text/html;charset=utf-8" />
  <meta name='ocr-system' content='tesseract 3.04.00' />
  <meta name='ocr-capabilities' content='ocr_page ocr_carea ocr_par ocr_line ocrx_word'/>
</head>
<body>
  <div class='ocr_page' id='page_1' title='image "./briefwechselzwi01verggoog/briefwechselzwi01verggoog_0105.png"; bbox 0 0 2852 5076; ppageno 0'>
   <div class='ocr_carea' id='block_1_1' title="bbox 756 320 1342 388">
    <p class='ocr_par' dir='ltr' id='par_1_1' title="bbox 756 320 1342 388">
     <span class='ocr_line' id='line_1_1' title="bbox 756 320 1342 388; baseline -0.003 -13"><span class='ocrx_word' id='word_1_1' title='bbox 756 327 797 388; x_wconf 83' lang='grc'><strong>94</strong></span> <span class='ocrx_word' id='word_1_2' title='bbox 1286 320 1342 376; x_wconf 85' lang='grc'><strong>1555</strong></span> 
     </span>
    </p>
   </div>
   <div class='ocr_carea' id='block_1_2' title="bbox 206 491 1421 2869">
    <p class='ocr_par' dir='ltr' id='par_1_2' title="bbox 208 491 1251 570">
     <span class='ocr_line' id='line_1_2' title="bbox 208 491 1251 570; baseline -0.001 -16"><span class='ocrx_word' id='word_1_3' title='bbox 208 495 317 568; x_wconf 83' lang='lat' dir='ltr'>Spiritu</span> <span class='ocrx_word' id='word_1_4' title='bbox 338 499 436 554; x_wconf 90' lang='lat' dir='ltr'><strong>sancto</strong></span> <span class='ocrx_word' id='word_1_5' title='bbox 456 510 509 568; x_wconf 89' lang='lat' dir='ltr'><strong>per</strong></span> <span class='ocrx_word' id='word_1_6' title='bbox 530 511 562 553; x_wconf 85' lang='lat' dir='ltr'><strong>os</strong></span> <span class='ocrx_word' id='word_1_7' title='bbox 582 493 705 570; x_wconf 87' lang='lat' dir='ltr'><strong>alicujus</strong></span> <span class='ocrx_word' id='word_1_8' title='bbox 726 493 802 554; x_wconf 81' lang='lat' dir='ltr'><strong>servi</strong></span> <span class='ocrx_word' id='word_1_9' title='bbox 823 491 900 552; x_wconf 86' lang='lat' dir='ltr'><strong>Dei?</strong></span> <span class='ocrx_word' id='word_1_10' title='bbox 921 495 945 552; x_wconf 92' lang='lat' dir='ltr'><strong>is</strong></span> <span class='ocrx_word' id='word_1_11' title='bbox 966 491 1075 567; x_wconf 77' lang='lat' dir='ltr'><strong>dirigat</strong></span> <span class='ocrx_word' id='word_1_12' title='bbox 1094 496 1251 567; x_wconf 80' lang='lat' dir='ltr'><strong>negotium.</strong></span> 
     </span>
    </p>

    <p class='ocr_par' dir='ltr' id='par_1_3' title="bbox 206 597 1414 1406">
     <span class='ocr_line' id='line_1_3' title="bbox 276 597 1342 674; baseline -0.002 -16"><span class='ocrx_word' id='word_1_13' title='bbox 276 599 382 658; x_wconf 80' lang='lat' dir='ltr'><strong>Audivi</strong></span> <span class='ocrx_word' id='word_1_14' title='bbox 393 599 526 658; x_wconf 80' lang='lat' dir='ltr'><strong>Vestram</strong></span> <span class='ocrx_word' id='word_1_15' title='bbox 538 598 745 658; x_wconf 71' lang='lat' dir='ltr'><strong>eelsitudinsm</strong></span> <span class='ocrx_word' id='word_1_16' title='bbox 757 597 918 674; x_wconf 88' lang='lat' dir='ltr'><strong>disputasse</strong></span> <span class='ocrx_word' id='word_1_17' title='bbox 930 616 994 658; x_wconf 92' lang='lat' dir='ltr'><strong>cum</strong></span> <span class='ocrx_word' id='word_1_18' title='bbox 1005 597 1144 658; x_wconf 74' lang='lat' dir='ltr'><strong>cardinali</strong></span> <span class='ocrx_word' id='word_1_19' title='bbox 1156 597 1342 671; x_wconf 65' lang='lat' dir='ltr'><strong>Augusteum,</strong></span> 
     </span>
     <span class='ocr_line' id='line_1_4' title="bbox 208 702 1344 780; baseline -0.004 -16"><span class='ocrx_word' id='word_1_20' title='bbox 208 705 349 780; x_wconf 88' lang='lat' dir='ltr'><strong>quomodo</strong></span> <span class='ocrx_word' id='word_1_21' title='bbox 374 710 471 776; x_wconf 87' lang='lat' dir='ltr'><strong>patres</strong></span> <span class='ocrx_word' id='word_1_22' title='bbox 496 703 670 780; x_wconf 86' lang='lat' dir='ltr'><strong>appellarint</strong></span> <span class='ocrx_word' id='word_1_23' title='bbox 697 706 812 762; x_wconf 88' lang='lat' dir='ltr'><strong>missam</strong></span> <span class='ocrx_word' id='word_1_24' title='bbox 839 703 1020 764; x_wconf 85' lang='lat' dir='ltr'><strong>sacrificium.</strong></span> <span class='ocrx_word' id='word_1_25' title='bbox 1063 704 1157 776; x_wconf 84' lang='lat' dir='ltr'><strong>Quare</strong></span> <span class='ocrx_word' id='word_1_26' title='bbox 1184 705 1285 776; x_wconf 78' lang='lat' dir='ltr'><strong>putam</strong></span> <span class='ocrx_word' id='word_1_27' title='bbox 1304 702 1344 760; x_wconf 87' lang='lat' dir='ltr'><strong>ad-</strong></span> 
     </span>
     <span class='ocr_line' id='line_1_5' title="bbox 206 807 1345 893; baseline -0.007 -23"><span class='ocrx_word' id='word_1_28' title='bbox 206 809 369 884; x_wconf 87' lang='lat' dir='ltr'><strong>ducendum</strong></span> <span class='ocrx_word' id='word_1_29' title='bbox 390 825 453 868; x_wconf 88' lang='lat' dir='ltr'><strong>esse</strong></span> <span class='ocrx_word' id='word_1_30' title='bbox 481 807 525 866; x_wconf 89' lang='lat' dir='ltr'><strong>illi</strong></span> <span class='ocrx_word' id='word_1_31' title='bbox 552 807 581 866; x_wconf 93' lang='lat' dir='ltr'><strong>in</strong></span> <span class='ocrx_word' id='word_1_32' title='bbox 609 807 793 893; x_wconf 81' lang='lat' dir='ltr'><strong>memoriam,</strong></span> <span class='ocrx_word' id='word_1_33' title='bbox 820 809 906 868; x_wconf 87' lang='lat' dir='ltr'><strong>talem</strong></span> <span class='ocrx_word' id='word_1_34' title='bbox 926 807 1079 868; x_wconf 88' lang='lat' dir='ltr'><strong>articulum</strong></span> <span class='ocrx_word' id='word_1_35' title='bbox 1100 808 1183 868; x_wconf 84' lang='lat' dir='ltr'><strong>valde</strong></span> <span class='ocrx_word' id='word_1_36' title='bbox 1204 807 1345 882; x_wconf 85' lang='lat' dir='ltr'><strong>perspicue</strong></span> 
     </span>
     <span class='ocr_line' id='line_1_6' title="bbox 207 910 1345 988; baseline -0.004 -15"><span class='ocrx_word' id='word_1_37' title='bbox 207 913 328 974; x_wconf 85' lang='lat' dir='ltr'><strong>tracturi</strong></span> <span class='ocrx_word' id='word_1_38' title='bbox 347 913 375 974; x_wconf 91' lang='lat' dir='ltr'><strong>in</strong></span> <span class='ocrx_word' id='word_1_39' title='bbox 397 911 578 974; x_wconf 84' lang='lat' dir='ltr'><strong>confessione</strong></span> <span class='ocrx_word' id='word_1_40' title='bbox 598 911 668 970; x_wconf 88' lang='lat' dir='ltr'><strong>fidei</strong></span> <span class='ocrx_word' id='word_1_41' title='bbox 689 911 877 972; x_wconf 76' lang='lat' dir='ltr'><strong>celsitudinis</strong></span> <span class='ocrx_word' id='word_1_42' title='bbox 896 913 1023 982; x_wconf 73' lang='lat' dir='ltr'><strong>Vestra,</strong></span> <span class='ocrx_word' id='word_1_43' title='bbox 1045 929 1130 986; x_wconf 88' lang='lat' dir='ltr'><strong>quam</strong></span> <span class='ocrx_word' id='word_1_44' title='bbox 1152 929 1206 988; x_wconf 79' lang='lat' dir='ltr'><strong>ego</strong></span> <span class='ocrx_word' id='word_1_45' title='bbox 1226 919 1259 970; x_wconf 89' lang='lat' dir='ltr'><strong>ut</strong></span> <span class='ocrx_word' id='word_1_46' title='bbox 1281 910 1345 972; x_wconf 81' lang='lat' dir='ltr'><strong>nenti</strong></span> 
     </span>
     <span class='ocr_line' id='line_1_7' title="bbox 207 1016 1347 1094; baseline -0.004 -18"><span class='ocrx_word' id='word_1_47' title='bbox 207 1019 315 1094; x_wconf 82' lang='lat' dir='ltr'><strong>italice,</strong></span> <span class='ocrx_word' id='word_1_48' title='bbox 337 1019 378 1080; x_wconf 89' lang='lat' dir='ltr'><strong>ita</strong></span> <span class='ocrx_word' id='word_1_49' title='bbox 399 1017 486 1078; x_wconf 87' lang='lat' dir='ltr'><strong>etium</strong></span> <span class='ocrx_word' id='word_1_50' title='bbox 508 1017 619 1078; x_wconf 88' lang='lat' dir='ltr'><strong>sincere</strong></span> <span class='ocrx_word' id='word_1_51' title='bbox 640 1019 825 1090; x_wconf 68' lang='lat' dir='ltr'><strong>complentem</strong></span> <span class='ocrx_word' id='word_1_52' title='bbox 848 1018 902 1076; x_wconf 94' lang='lat' dir='ltr'><strong>boc</strong></span> <span class='ocrx_word' id='word_1_53' title='bbox 923 1016 1033 1076; x_wconf 89' lang='lat' dir='ltr'><strong>utinam</strong></span> <span class='ocrx_word' id='word_1_54' title='bbox 1054 1034 1106 1076; x_wconf 85' lang='lat' dir='ltr'><strong>rex</strong></span> <span class='ocrx_word' id='word_1_55' title='bbox 1126 1017 1214 1077; x_wconf 88' lang='lat' dir='ltr'><strong>sciret</strong></span> <span class='ocrx_word' id='word_1_56' title='bbox 1235 1017 1273 1076; x_wconf 93' lang='lat' dir='ltr'><strong>de</strong></span> <span class='ocrx_word' id='word_1_57' title='bbox 1294 1031 1347 1074; x_wconf 87' lang='lat' dir='ltr'><strong>mea</strong></span> 
     </span>
     <span class='ocr_line' id='line_1_8' title="bbox 207 1121 1414 1197; baseline -0.003 -15"><span class='ocrx_word' id='word_1_58' title='bbox 207 1123 281 1186; x_wconf 86' lang='lat' dir='ltr'><strong>fidet</strong></span> <span class='ocrx_word' id='word_1_59' title='bbox 323 1123 354 1186; x_wconf 89' lang='lat' dir='ltr'><strong>Si</strong></span> <span class='ocrx_word' id='word_1_60' title='bbox 374 1126 479 1184; x_wconf 89' lang='lat' dir='ltr'><strong>Vestra</strong></span> <span class='ocrx_word' id='word_1_61' title='bbox 499 1122 648 1182; x_wconf 77' lang='lat' dir='ltr'><strong>Celsitudo</strong></span> <span class='ocrx_word' id='word_1_62' title='bbox 677 1122 803 1182; x_wconf 85' lang='lat' dir='ltr'><strong>voluerit</strong></span> <span class='ocrx_word' id='word_1_63' title='bbox 829 1122 936 1184; x_wconf 90' lang='lat' dir='ltr'><strong>babere</strong></span> <span class='ocrx_word' id='word_1_64' title='bbox 964 1125 1076 1197; x_wconf 88' lang='lat' dir='ltr'><strong>aliquot</strong></span> <span class='ocrx_word' id='word_1_65' title='bbox 1103 1121 1281 1196; x_wconf 86' lang='lat' dir='ltr'><strong>exemplaria</strong></span> <span class='ocrx_word' id='word_1_66' title='bbox 1306 1127 1347 1180; x_wconf 89' lang='lat' dir='ltr'><strong>aut</strong></span> <span class='ocrx_word' id='word_1_67' title='bbox 1413 1129 1414 1136; x_wconf 76' lang='grc'>’</span> 
     </span>
     <span class='ocr_line' id='line_1_9' title="bbox 207 1225 1346 1304; baseline -0.004 -16"><span class='ocrx_word' id='word_1_68' title='bbox 207 1227 395 1290; x_wconf 86' lang='lat' dir='ltr'><strong>confessionis</strong></span> <span class='ocrx_word' id='word_1_69' title='bbox 415 1225 507 1304; x_wconf 81' lang='lat' dir='ltr'><strong>ipsius</strong></span> <span class='ocrx_word' id='word_1_70' title='bbox 526 1235 577 1288; x_wconf 89' lang='lat' dir='ltr'><strong>aut</strong></span> <span class='ocrx_word' id='word_1_71' title='bbox 596 1227 798 1302; x_wconf 80' lang='lat' dir='ltr'><strong>descriptionis</strong></span> <span class='ocrx_word' id='word_1_72' title='bbox 818 1246 870 1286; x_wconf 90' lang='lat' dir='ltr'><strong>seu</strong></span> <span class='ocrx_word' id='word_1_73' title='bbox 890 1227 1096 1303; x_wconf 77' lang='lat' dir='ltr'><strong>syntagmatis,</strong></span> <span class='ocrx_word' id='word_1_74' title='bbox 1121 1227 1250 1301; x_wconf 83' lang='lat' dir='ltr'><strong>petenda</strong></span> <span class='ocrx_word' id='word_1_75' title='bbox 1272 1232 1346 1286; x_wconf 88' lang='lat' dir='ltr'><strong>eruut</strong></span> 
     </span>
     <span class='ocr_line' id='line_1_10' title="bbox 208 1333 1137 1406; baseline -0.001 -14"><span class='ocrx_word' id='word_1_76' title='bbox 208 1347 245 1392; x_wconf 85' lang='lat' dir='ltr'><strong>ex</strong></span> <span class='ocrx_word' id='word_1_77' title='bbox 265 1335 349 1394; x_wconf 80' lang='lat' dir='ltr'><strong>‹lomo</strong></span> <span class='ocrx_word' id='word_1_78' title='bbox 369 1334 396 1392; x_wconf 93' lang='lat' dir='ltr'><strong>d.</strong></span> <span class='ocrx_word' id='word_1_79' title='bbox 419 1333 546 1394; x_wconf 86' lang='lat' dir='ltr'><strong>doctoris</strong></span> <span class='ocrx_word' id='word_1_80' title='bbox 566 1333 678 1406; x_wconf 86' lang='lat' dir='ltr'><strong>Ebemi‚</strong></span> <span class='ocrx_word' id='word_1_81' title='bbox 700 1334 792 1392; x_wconf 90' lang='lat' dir='ltr'><strong>babeo</strong></span> <span class='ocrx_word' id='word_1_82' title='bbox 814 1333 889 1392; x_wconf 88' lang='lat' dir='ltr'><strong>enim</strong></span> <span class='ocrx_word' id='word_1_83' title='bbox 910 1333 970 1392; x_wconf 89' lang='lat' dir='ltr'><strong>illic</strong></span> <span class='ocrx_word' id='word_1_84' title='bbox 990 1333 1137 1392; x_wconf 91' lang='lat' dir='ltr'><strong>nonnulla.</strong></span> 
     </span>
    </p>

    <p class='ocr_par' dir='ltr' id='par_1_4' title="bbox 208 1423 1421 1828">
     <span class='ocr_line' id='line_1_11' title="bbox 287 1423 1420 1512; baseline -0.001 -16"><span class='ocrx_word' id='word_1_85' title='bbox 287 1438 383 1497; x_wconf 87' lang='lat' dir='ltr'><strong>Audio</strong></span> <span class='ocrx_word' id='word_1_86' title='bbox 404 1439 546 1512; x_wconf 82' lang='lat' dir='ltr'><strong>quendam</strong></span> <span class='ocrx_word' id='word_1_87' title='bbox 567 1439 681 1509; x_wconf 82' lang='lat' dir='ltr'><strong>Italum,</strong></span> <span class='ocrx_word' id='word_1_88' title='bbox 702 1438 749 1500; x_wconf 92' lang='lat' dir='ltr'><strong>oni</strong></span> <span class='ocrx_word' id='word_1_89' title='bbox 769 1455 871 1498; x_wconf 88' lang='lat' dir='ltr'><strong>nornen</strong></span> <span class='ocrx_word' id='word_1_90' title='bbox 887 1437 1039 1498; x_wconf 88' lang='lat' dir='ltr'><strong>Vincentio</strong></span> <span class='ocrx_word' id='word_1_91' title='bbox 1060 1423 1218 1496; x_wconf 86' lang='lat' dir='ltr'><strong>Locadello</strong></span> <span class='ocrx_word' id='word_1_92' title='bbox 1240 1436 1346 1496; x_wconf 80' lang='lat' dir='ltr'><strong>Cremo·</strong></span> <span class='ocrx_word' id='word_1_93' title='bbox 1419 1451 1420 1454; x_wconf 72' lang='grc'>’</span> 
     </span>
     <span class='ocr_line' id='line_1_12' title="bbox 209 1541 1347 1618; baseline -0.003 -16"><span class='ocrx_word' id='word_1_94' title='bbox 209 1541 300 1614; x_wconf 75' lang='lat' dir='ltr'><strong>nansi,</strong></span> <span class='ocrx_word' id='word_1_95' title='bbox 323 1559 387 1603; x_wconf 81' lang='lat' dir='ltr'><strong>erum</strong></span> <span class='ocrx_word' id='word_1_96' title='bbox 408 1543 522 1603; x_wconf 89' lang='lat' dir='ltr'><strong>scilicet</strong></span> <span class='ocrx_word' id='word_1_97' title='bbox 541 1543 591 1618; x_wconf 87' lang='lat' dir='ltr'><strong>qui</strong></span> <span class='ocrx_word' id='word_1_98' title='bbox 611 1543 711 1602; x_wconf 85' lang='lat' dir='ltr'><strong>vendit</strong></span> <span class='ocrx_word' id='word_1_99' title='bbox 731 1544 861 1617; x_wconf 85' lang='lat' dir='ltr'><strong>quredum</strong></span> <span class='ocrx_word' id='word_1_100' title='bbox 883 1559 998 1603; x_wconf 84' lang='lat' dir='ltr'><strong>saccaro</strong></span> <span class='ocrx_word' id='word_1_101' title='bbox 1014 1542 1130 1604; x_wconf 86' lang='lat' dir='ltr'><strong>condita</strong></span> <span class='ocrx_word' id='word_1_102' title='bbox 1145 1558 1278 1616; x_wconf 82' lang='lat' dir='ltr'><strong>quaerere</strong></span> <span class='ocrx_word' id='word_1_103' title='bbox 1291 1558 1347 1600; x_wconf 88' lang='lat' dir='ltr'><strong>con-</strong></span> 
     </span>
     <span class='ocr_line' id='line_1_13' title="bbox 208 1647 1420 1724; baseline 0 -18"><span class='ocrx_word' id='word_1_104' title='bbox 208 1649 348 1708; x_wconf 88' lang='lat' dir='ltr'><strong>ditionem</strong></span> <span class='ocrx_word' id='word_1_105' title='bbox 373 1649 450 1724; x_wconf 84' lang='lat' dir='ltr'><strong>apud</strong></span> <span class='ocrx_word' id='word_1_106' title='bbox 470 1651 603 1711; x_wconf 83' lang='lat' dir='ltr'><strong>Vestram</strong></span> <span class='ocrx_word' id='word_1_107' title='bbox 624 1649 847 1717; x_wconf 83' lang='lat' dir='ltr'><strong>Celsitudincm,</strong></span> <span class='ocrx_word' id='word_1_108' title='bbox 879 1654 912 1710; x_wconf 89' lang='lat' dir='ltr'><strong>ut</strong></span> <span class='ocrx_word' id='word_1_109' title='bbox 940 1666 975 1708; x_wconf 87' lang='lat' dir='ltr'><strong>ex</strong></span> <span class='ocrx_word' id='word_1_110' title='bbox 994 1647 1081 1708; x_wconf 88' lang='lat' dir='ltr'><strong>ltalia</strong></span> <span class='ocrx_word' id='word_1_111' title='bbox 1105 1653 1183 1708; x_wconf 89' lang='lat' dir='ltr'><strong>emat</strong></span> <span class='ocrx_word' id='word_1_112' title='bbox 1210 1647 1346 1720; x_wconf 72' lang='lat' dir='ltr'><strong>quaedam</strong></span> <span class='ocrx_word' id='word_1_113' title='bbox 1416 1660 1420 1722; x_wconf 64' lang='lat' dir='ltr'>q</span> 
     </span>
     <span class='ocr_line' id='line_1_14' title="bbox 210 1725 1421 1828; baseline -0.002 -18"><span class='ocrx_word' id='word_1_114' title='bbox 210 1769 265 1828; x_wconf 82' lang='lat' dir='ltr'><strong>ego</strong></span> <span class='ocrx_word' id='word_1_115' title='bbox 285 1755 351 1812; x_wconf 84' lang='lat' dir='ltr'><strong>novi</strong></span> <span class='ocrx_word' id='word_1_116' title='bbox 372 1734 525 1825; x_wconf 79' lang='lat' dir='ltr'><strong>hominem,</strong></span> <span class='ocrx_word' id='word_1_117' title='bbox 547 1755 595 1828; x_wconf 88' lang='lat' dir='ltr'><strong>qni</strong></span> <span class='ocrx_word' id='word_1_118' title='bbox 617 1770 673 1814; x_wconf 87' lang='lat' dir='ltr'><strong>non</strong></span> <span class='ocrx_word' id='word_1_119' title='bbox 694 1759 740 1812; x_wconf 88' lang='lat' dir='ltr'><strong>est</strong></span> <span class='ocrx_word' id='word_1_120' title='bbox 760 1759 847 1812; x_wconf 78' lang='lat' dir='ltr'><strong>certe</strong></span> <span class='ocrx_word' id='word_1_121' title='bbox 867 1753 944 1824; x_wconf 81' lang='lat' dir='ltr'><strong>fidei,</strong></span> <span class='ocrx_word' id='word_1_122' title='bbox 966 1751 1100 1813; x_wconf 89' lang='lat' dir='ltr'><strong>vitandus</strong></span> <span class='ocrx_word' id='word_1_123' title='bbox 1121 1767 1199 1824; x_wconf 82' lang='lat' dir='ltr'><strong>ergo.</strong></span> <span class='ocrx_word' id='word_1_124' title='bbox 1418 1725 1421 1754; x_wconf 69' lang='grc'>”</span> 
     </span>
    </p>

    <p class='ocr_par' dir='ltr' id='par_1_5' title="bbox 207 1839 1421 2869">
     <span class='ocr_line' id='line_1_15' title="bbox 240 1839 1419 1936; baseline -0.006 -19"><span class='ocrx_word' id='word_1_125' title='bbox 240 1917 242 1924; x_wconf 77' lang='grc'>,</span> <span class='ocrx_word' id='word_1_126' title='bbox 288 1857 407 1918; x_wconf 88' lang='lat' dir='ltr'><strong>Adorno</strong></span> <span class='ocrx_word' id='word_1_127' title='bbox 427 1857 484 1916; x_wconf 91' lang='lat' dir='ltr'><strong>duo</strong></span> <span class='ocrx_word' id='word_1_128' title='bbox 506 1860 614 1930; x_wconf 80' lang='lat' dir='ltr'><strong>scripta</strong></span> <span class='ocrx_word' id='word_1_129' title='bbox 633 1857 710 1917; x_wconf 92' lang='lat' dir='ltr'><strong>baud</strong></span> <span class='ocrx_word' id='word_1_130' title='bbox 731 1857 827 1930; x_wconf 76' lang='lat' dir='ltr'><strong>exigui</strong></span> <span class='ocrx_word' id='word_1_131' title='bbox 853 1858 1005 1925; x_wconf 82' lang='lat' dir='ltr'><strong>momenti,</strong></span> <span class='ocrx_word' id='word_1_132' title='bbox 1034 1857 1159 1936; x_wconf 83' lang='lat' dir='ltr'><strong>alterum</strong></span> <span class='ocrx_word' id='word_1_133' title='bbox 1178 1856 1209 1912; x_wconf 90' lang='lat' dir='ltr'><strong>in</strong></span> <span class='ocrx_word' id='word_1_134' title='bbox 1230 1871 1288 1928; x_wconf 87' lang='lat' dir='ltr'><strong>quo</strong></span> <span class='ocrx_word' id='word_1_135' title='bbox 1307 1853 1348 1911; x_wconf 89' lang='lat' dir='ltr'><strong>de·</strong></span> <span class='ocrx_word' id='word_1_136' title='bbox 1417 1839 1419 1921; x_wconf 66' lang='grc'><strong>1</strong></span> 
     </span>
     <span class='ocr_line' id='line_1_16' title="bbox 209 1956 1419 2036; baseline -0.004 -16"><span class='ocrx_word' id='word_1_137' title='bbox 209 1963 312 2035; x_wconf 89' lang='lat' dir='ltr'><strong>scribo,</strong></span> <span class='ocrx_word' id='word_1_138' title='bbox 334 1961 437 2036; x_wconf 88' lang='lat' dir='ltr'><strong>quibos</strong></span> <span class='ocrx_word' id='word_1_139' title='bbox 457 1960 531 2029; x_wconf 88' lang='lat' dir='ltr'><strong>dolis</strong></span> <span class='ocrx_word' id='word_1_140' title='bbox 548 1961 651 2033; x_wconf 73' lang='lat' dir='ltr'><strong>anglia</strong></span> <span class='ocrx_word' id='word_1_141' title='bbox 669 1977 744 2020; x_wconf 90' lang='lat' dir='ltr'><strong>nnnc</strong></span> <span class='ocrx_word' id='word_1_142' title='bbox 758 1959 847 2020; x_wconf 90' lang='lat' dir='ltr'><strong>fuerit</strong></span> <span class='ocrx_word' id='word_1_143' title='bbox 861 1960 982 2033; x_wconf 84' lang='lat' dir='ltr'><strong>decepta</strong></span> <span class='ocrx_word' id='word_1_144' title='bbox 994 1966 1025 2018; x_wconf 91' lang='lat' dir='ltr'><strong>et</strong></span> <span class='ocrx_word' id='word_1_145' title='bbox 1037 1959 1212 2030; x_wconf 84' lang='lat' dir='ltr'><strong>dementata,</strong></span> <span class='ocrx_word' id='word_1_146' title='bbox 1234 1957 1348 2016; x_wconf 86' lang='lat' dir='ltr'><strong>alterum</strong></span> <span class='ocrx_word' id='word_1_147' title='bbox 1417 1956 1419 2026; x_wconf 63' lang='lat' dir='ltr'><em>j</em></span> 
     </span>
     <span class='ocr_line' id='line_1_17' title="bbox 208 2043 1418 2138; baseline -0.008 -12"><span class='ocrx_word' id='word_1_148' title='bbox 208 2065 258 2126; x_wconf 90' lang='lat' dir='ltr'><strong>ubi</strong></span> <span class='ocrx_word' id='word_1_149' title='bbox 279 2082 479 2137; x_wconf 86' lang='lat' dir='ltr'><strong>commemoro,</strong></span> <span class='ocrx_word' id='word_1_150' title='bbox 500 2081 585 2138; x_wconf 89' lang='lat' dir='ltr'><strong>qnam</strong></span> <span class='ocrx_word' id='word_1_151' title='bbox 604 2066 701 2138; x_wconf 85' lang='lat' dir='ltr'><strong>turpia</strong></span> <span class='ocrx_word' id='word_1_152' title='bbox 721 2066 828 2138; x_wconf 84' lang='lat' dir='ltr'><strong>scripta</strong></span> <span class='ocrx_word' id='word_1_153' title='bbox 847 2067 968 2138; x_wconf 84' lang='lat' dir='ltr'><strong>papistae</strong></span> <span class='ocrx_word' id='word_1_154' title='bbox 989 2063 1149 2134; x_wconf 82' lang='lat' dir='ltr'><strong>ediderint3</strong></span> <span class='ocrx_word' id='word_1_155' title='bbox 1181 2058 1349 2136; x_wconf 81' lang='lat' dir='ltr'><strong>utrumque&#39;</strong></span> <span class='ocrx_word' id='word_1_156' title='bbox 1417 2043 1418 2116; x_wconf 71' lang='grc' dir='ltr'>Ῐ</span> 
     </span>
     <span class='ocr_line' id='line_1_18' title="bbox 209 2167 1421 2243; baseline -0.012 -9"><span class='ocrx_word' id='word_1_157' title='bbox 209 2173 319 2236; x_wconf 80' lang='lat' dir='ltr'><strong>mittam</strong></span> <span class='ocrx_word' id='word_1_158' title='bbox 340 2171 377 2230; x_wconf 89' lang='lat' dir='ltr'><strong>ad</strong></span> <span class='ocrx_word' id='word_1_159' title='bbox 399 2187 498 2230; x_wconf 89' lang='lat' dir='ltr'><strong>manus</strong></span> <span class='ocrx_word' id='word_1_160' title='bbox 519 2170 703 2230; x_wconf 74' lang='lat' dir='ltr'><strong>celsitudinis</strong></span> <span class='ocrx_word' id='word_1_161' title='bbox 723 2171 835 2228; x_wconf 82' lang='lat' dir='ltr'><strong>Vestrae</strong></span> <span class='ocrx_word' id='word_1_162' title='bbox 855 2171 1005 2243; x_wconf 82' lang='lat' dir='ltr'><strong>privatim3</strong></span> <span class='ocrx_word' id='word_1_163' title='bbox 1027 2169 1099 2228; x_wconf 91' lang='lat' dir='ltr'><strong>nihil</strong></span> <span class='ocrx_word' id='word_1_164' title='bbox 1119 2185 1188 2227; x_wconf 87' lang='lat' dir='ltr'><strong>vero</strong></span> <span class='ocrx_word' id='word_1_165' title='bbox 1209 2167 1285 2226; x_wconf 89' lang='lat' dir='ltr'><strong>dabo</strong></span> <span class='ocrx_word' id='word_1_166' title='bbox 1305 2170 1349 2224; x_wconf 91' lang='lat' dir='ltr'><strong>im·</strong></span> <span class='ocrx_word' id='word_1_167' title='bbox 1420 2215 1421 2220; x_wconf 73' lang='grc'>,</span> 
     </span>
     <span class='ocr_line' id='line_1_19' title="bbox 207 2261 1348 2350; baseline -0.004 -16"><span class='ocrx_word' id='word_1_168' title='bbox 207 2275 390 2350; x_wconf 79' lang='lat' dir='ltr'><strong>primmdum</strong></span> <span class='ocrx_word' id='word_1_169' title='bbox 419 2273 533 2350; x_wconf 89' lang='lat' dir='ltr'><strong>(saltem</strong></span> <span class='ocrx_word' id='word_1_170' title='bbox 563 2261 626 2332; x_wconf 87' lang='lat' dir='ltr'><strong>cum</strong></span> <span class='ocrx_word' id='word_1_171' title='bbox 652 2290 716 2332; x_wconf 90' lang='lat' dir='ltr'><strong>meo</strong></span> <span class='ocrx_word' id='word_1_172' title='bbox 744 2271 871 2349; x_wconf 85' lang='lat' dir='ltr'><strong>nomine)</strong></span> <span class='ocrx_word' id='word_1_173' title='bbox 902 2271 1072 2332; x_wconf 89' lang='lat' dir='ltr'><strong>durantibus</strong></span> <span class='ocrx_word' id='word_1_174' title='bbox 1100 2271 1232 2332; x_wconf 87' lang='lat' dir='ltr'><strong>comitiis.</strong></span> <span class='ocrx_word' id='word_1_175' title='bbox 1275 2272 1348 2330; x_wconf 83' lang='lat' dir='ltr'><strong>Com·</strong></span> 
     </span>
     <span class='ocr_line' id='line_1_20' title="bbox 210 2377 1421 2450; baseline -0.007 -11"><span class='ocrx_word' id='word_1_176' title='bbox 210 2379 314 2440; x_wconf 90' lang='lat' dir='ltr'><strong>mendo</strong></span> <span class='ocrx_word' id='word_1_177' title='bbox 342 2396 386 2438; x_wconf 90' lang='lat' dir='ltr'><strong>me</strong></span> <span class='ocrx_word' id='word_1_178' title='bbox 413 2383 581 2438; x_wconf 77' lang='lat' dir='ltr'><strong>reverenter</strong></span> <span class='ocrx_word' id='word_1_179' title='bbox 608 2377 779 2436; x_wconf 83' lang='lat' dir='ltr'><strong>Celsitudini</strong></span> <span class='ocrx_word' id='word_1_180' title='bbox 803 2378 934 2448; x_wconf 84' lang='lat' dir='ltr'><strong>Vestrae,</strong></span> <span class='ocrx_word' id='word_1_181' title='bbox 965 2393 1018 2450; x_wconf 88' lang='lat' dir='ltr'><strong>pro</strong></span> <span class='ocrx_word' id='word_1_182' title='bbox 1043 2379 1125 2450; x_wconf 91' lang='lat' dir='ltr'><strong>cnjus</strong></span> <span class='ocrx_word' id='word_1_183' title='bbox 1152 2377 1348 2443; x_wconf 84' lang='lat' dir='ltr'><strong>incolumitate¹</strong></span> <span class='ocrx_word' id='word_1_184' title='bbox 1420 2419 1421 2430; x_wconf 41' lang='lat'>2</span> 
     </span>
     <span class='ocr_line' id='line_1_21' title="bbox 209 2479 1349 2556; baseline -0.005 -14"><span class='ocrx_word' id='word_1_185' title='bbox 209 2484 285 2556; x_wconf 86' lang='lat' dir='ltr'><strong>unde</strong></span> <span class='ocrx_word' id='word_1_186' title='bbox 307 2483 393 2542; x_wconf 87' lang='lat' dir='ltr'><strong>etiarn</strong></span> <span class='ocrx_word' id='word_1_187' title='bbox 413 2481 543 2542; x_wconf 80' lang='lat' dir='ltr'><strong>ecclesiae</strong></span> <span class='ocrx_word' id='word_1_188' title='bbox 570 2498 626 2554; x_wconf 84' lang='lat' dir='ltr'><strong>pax</strong></span> <span class='ocrx_word' id='word_1_189' title='bbox 655 2482 772 2555; x_wconf 88' lang='lat' dir='ltr'><strong>pendet,</strong></span> <span class='ocrx_word' id='word_1_190' title='bbox 801 2498 852 2540; x_wconf 92' lang='lat' dir='ltr'><strong>oro</strong></span> <span class='ocrx_word' id='word_1_191' title='bbox 881 2481 1020 2555; x_wconf 89' lang='lat' dir='ltr'><strong>qnotidie.</strong></span> <span class='ocrx_word' id='word_1_192' title='bbox 1061 2479 1091 2538; x_wconf 90' lang='lat' dir='ltr'><strong>Si</strong></span> <span class='ocrx_word' id='word_1_193' title='bbox 1117 2479 1273 2540; x_wconf 88' lang='lat' dir='ltr'><strong>cardinalis</strong></span> <span class='ocrx_word' id='word_1_194' title='bbox 1292 2479 1349 2538; x_wconf 83' lang='lat' dir='ltr'><strong>blo·</strong></span> 
     </span>
     <span class='ocr_line' id='line_1_22' title="bbox 209 2584 1421 2660; baseline -0.008 -12"><span class='ocrx_word' id='word_1_195' title='bbox 209 2589 308 2648; x_wconf 86' lang='lat' dir='ltr'><strong>ronias</strong></span> <span class='ocrx_word' id='word_1_196' title='bbox 328 2587 437 2660; x_wconf 89' lang='lat' dir='ltr'><strong>aliquid</strong></span> <span class='ocrx_word' id='word_1_197' title='bbox 458 2586 493 2644; x_wconf 88' lang='lat' dir='ltr'><strong>dc</strong></span> <span class='ocrx_word' id='word_1_198' title='bbox 515 2587 636 2646; x_wconf 89' lang='lat' dir='ltr'><strong>concilio</strong></span> <span class='ocrx_word' id='word_1_199' title='bbox 657 2593 848 2660; x_wconf 88' lang='lat' dir='ltr'><strong>proponeret,</strong></span> <span class='ocrx_word' id='word_1_200' title='bbox 870 2602 924 2658; x_wconf 81' lang='lat' dir='ltr'><strong>ego</strong></span> <span class='ocrx_word' id='word_1_201' title='bbox 946 2585 1018 2644; x_wconf 88' lang='lat' dir='ltr'><strong>clam</strong></span> <span class='ocrx_word' id='word_1_202' title='bbox 1039 2584 1182 2652; x_wconf 85' lang='lat' dir='ltr'><strong>venirem,</strong></span> <span class='ocrx_word' id='word_1_203' title='bbox 1211 2600 1267 2658; x_wconf 90' lang='lat' dir='ltr'><strong>qno</strong></span> <span class='ocrx_word' id='word_1_204' title='bbox 1288 2584 1348 2640; x_wconf 86' lang='lat' dir='ltr'><strong>rnibi</strong></span> <span class='ocrx_word' id='word_1_205' title='bbox 1420 2617 1421 2622; x_wconf 22' lang='grc' dir='ltr'><strong>κ</strong></span> 
     </span>
     <span class='ocr_line' id='line_1_23' title="bbox 209 2688 1421 2765; baseline -0.003 -15"><span class='ocrx_word' id='word_1_206' title='bbox 209 2694 381 2765; x_wconf 85' lang='lat' dir='ltr'><strong>imperatum</strong></span> <span class='ocrx_word' id='word_1_207' title='bbox 400 2689 503 2750; x_wconf 85' lang='lat' dir='ltr'><strong>fuisset</strong></span> <span class='ocrx_word' id='word_1_208' title='bbox 523 2690 561 2749; x_wconf 92' lang='lat' dir='ltr'><strong>ad</strong></span> <span class='ocrx_word' id='word_1_209' title='bbox 581 2691 754 2764; x_wconf 82' lang='lat' dir='ltr'><strong>retegendas</strong></span> <span class='ocrx_word' id='word_1_210' title='bbox 774 2693 838 2764; x_wconf 90' lang='lat' dir='ltr'><strong>ejus</strong></span> <span class='ocrx_word' id='word_1_211' title='bbox 858 2690 988 2762; x_wconf 64' lang='lat' dir='ltr'><strong>fraudem</strong></span> <span class='ocrx_word' id='word_1_212' title='bbox 1009 2688 1158 2750; x_wconf 83' lang='lat' dir='ltr'><strong>fraudibus</strong></span> <span class='ocrx_word' id='word_1_213' title='bbox 1170 2690 1350 2746; x_wconf 89' lang='lat' dir='ltr'><strong>enimutetur</strong></span> <span class='ocrx_word' id='word_1_214' title='bbox 1420 2711 1421 2746; x_wconf 81' lang='lat' dir='ltr'><strong>t</strong></span> 
     </span>
     <span class='ocr_line' id='line_1_24' title="bbox 210 2795 899 2869; baseline -0.006 -13"><span class='ocrx_word' id='word_1_215' title='bbox 210 2795 309 2868; x_wconf 86' lang='lat' dir='ltr'><strong>procul</strong></span> <span class='ocrx_word' id='word_1_216' title='bbox 332 2795 429 2866; x_wconf 85' lang='lat' dir='ltr'><strong>dubio,</strong></span> <span class='ocrx_word' id='word_1_217' title='bbox 450 2801 537 2869; x_wconf 87' lang='lat' dir='ltr'><strong>atque</strong></span> <span class='ocrx_word' id='word_1_218' title='bbox 558 2795 617 2853; x_wconf 84' lang='lat' dir='ltr'><strong>ille</strong></span> <span class='ocrx_word' id='word_1_219' title='bbox 638 2801 705 2853; x_wconf 88' lang='lat' dir='ltr'><strong>sunt</strong></span> <span class='ocrx_word' id='word_1_220' title='bbox 724 2795 794 2853; x_wconf 89' lang='lat' dir='ltr'><strong>mibi</strong></span> <span class='ocrx_word' id='word_1_221' title='bbox 815 2801 899 2860; x_wconf 86' lang='lat' dir='ltr'><strong>notas.</strong></span> 
     </span>
    </p>
   </div>
   <div class='ocr_carea' id='block_1_3' title="bbox 289 2899 1277 3074">
    <p class='ocr_par' dir='ltr' id='par_1_6' title="bbox 289 2899 1277 3074">
     <span class='ocr_line' id='line_1_25' title="bbox 289 2899 852 2974; baseline -0.004 -16"><span class='ocrx_word' id='word_1_222' title='bbox 289 2901 457 2974; x_wconf 81' lang='lat' dir='ltr'><strong>Goeppingae</strong></span> <span class='ocrx_word' id='word_1_223' title='bbox 478 2899 570 2958; x_wconf 90' lang='lat' dir='ltr'><strong>VIIII.</strong></span> <span class='ocrx_word' id='word_1_224' title='bbox 592 2899 746 2958; x_wconf 83' lang='lat' dir='ltr'><strong>Februarii</strong></span> <span class='ocrx_word' id='word_1_225' title='bbox 770 2901 852 2956; x_wconf 89' lang='grc'><strong>1555.</strong></span> 
     </span>
     <span class='ocr_line' id='line_1_26' title="bbox 1112 3001 1277 3074; baseline 0.012 -18"><span class='ocrx_word' id='word_1_226' title='bbox 1112 3001 1277 3074; x_wconf 84' lang='lat' dir='ltr'><strong>Vergerius.</strong></span> 
     </span>
    </p>
   </div>
   <div class='ocr_carea' id='block_1_4' title="bbox 760 3265 871 3320">
    <p class='ocr_par' dir='ltr' id='par_1_7' title="bbox 760 3265 871 3320">
     <span class='ocr_line' id='line_1_27' title="bbox 760 3265 871 3320; baseline 0 0"><span class='ocrx_word' id='word_1_227' title='bbox 760 3265 807 3320; x_wconf 81' lang='lat'><strong>21.</strong></span> <span class='ocrx_word' id='word_1_228' title='bbox 869 3282 871 3288; x_wconf 80' lang='grc'>’</span> 
     </span>
    </p>
   </div>
   <div class='ocr_carea' id='block_1_5' title="bbox 512 3375 1049 3464">
    <p class='ocr_par' dir='ltr' id='par_1_8' title="bbox 512 3375 1049 3464">
     <span class='ocr_line' id='line_1_28' title="bbox 512 3375 1049 3464; baseline 0 -22"><span class='ocrx_word' id='word_1_229' title='bbox 512 3375 637 3462; x_wconf 81' lang='lat' dir='ltr'><strong>Verger</strong></span> <span class='ocrx_word' id='word_1_230' title='bbox 660 3399 701 3442; x_wconf 87' lang='lat' dir='ltr'><strong>an</strong></span> <span class='ocrx_word' id='word_1_231' title='bbox 725 3378 843 3464; x_wconf 80' lang='lat' dir='ltr'><strong>herzog</strong></span> <span class='ocrx_word' id='word_1_232' title='bbox 866 3377 1049 3462; x_wconf 79' lang='lat' dir='ltr'><strong>Christopb.</strong></span> 
     </span>
    </p>
   </div>
   <div class='ocr_carea' id='block_1_6' title="bbox 538 3488 1026 3626">
    <p class='ocr_par' dir='ltr' id='par_1_9' title="bbox 538 3488 1026 3626">
     <span class='ocr_line' id='line_1_29' title="bbox 538 3488 1026 3563; baseline 0.002 -16"><span class='ocrx_word' id='word_1_233' title='bbox 538 3488 708 3563; x_wconf 79' lang='lat' dir='ltr'><strong>Goppingen</strong></span> <span class='ocrx_word' id='word_1_234' title='bbox 732 3492 767 3550; x_wconf 81' lang='grc'><strong>15</strong></span> <span class='ocrx_word' id='word_1_235' title='bbox 788 3491 811 3549; x_wconf 90' lang='lat' dir='ltr'>F</span> <span class='ocrx_word' id='word_1_236' title='bbox 815 3491 920 3550; x_wconf 87' lang='lat' dir='ltr'><strong>ebruar</strong></span> <span class='ocrx_word' id='word_1_237' title='bbox 943 3493 1026 3548; x_wconf 87' lang='grc'><strong>1555.</strong></span> 
     </span>
     <span class='ocr_line' id='line_1_30' title="bbox 774 3591 789 3626; baseline 0 0"><span class='ocrx_word' id='word_1_238' title='bbox 774 3591 789 3626; x_wconf 76' lang='lat' dir='ltr'><strong>›l‹</strong></span> 
     </span>
    </p>
   </div>
   <div class='ocr_carea' id='block_1_7' title="bbox 210 3665 1351 4440">
    <p class='ocr_par' dir='ltr' id='par_1_10' title="bbox 210 3665 1351 4267">
     <span class='ocr_line' id='line_1_31' title="bbox 282 3665 1348 3741; baseline -0.006 -19"><span class='ocrx_word' id='word_1_239' title='bbox 282 3670 295 3722; x_wconf 92' lang='lat'>1</span> <span class='ocrx_word' id='word_1_240' title='bbox 315 3667 381 3723; x_wconf 83' lang='lat' dir='ltr'><strong>Otto</strong></span> <span class='ocrx_word' id='word_1_241' title='bbox 394 3665 535 3724; x_wconf 80' lang='lat' dir='ltr'><strong>&#39;Pruchsess</strong></span> <span class='ocrx_word' id='word_1_242' title='bbox 549 3685 603 3723; x_wconf 87' lang='lat' dir='ltr'><strong>von</strong></span> <span class='ocrx_word' id='word_1_243' title='bbox 618 3668 782 3741; x_wconf 79' lang='lat' dir='ltr'><strong>waldburg,</strong></span> <span class='ocrx_word' id='word_1_244' title='bbox 803 3669 865 3738; x_wconf 83' lang='lat' dir='ltr'><strong>geb.</strong></span> <span class='ocrx_word' id='word_1_245' title='bbox 885 3672 919 3725; x_wconf 82' lang='lat'><strong>26</strong></span> <span class='ocrx_word' id='word_1_246' title='bbox 931 3670 1054 3724; x_wconf 81' lang='lat' dir='ltr'><strong>Februar</strong></span> <span class='ocrx_word' id='word_1_247' title='bbox 1074 3670 1157 3733; x_wconf 72' lang='lat'>1514;</span> <span class='ocrx_word' id='word_1_248' title='bbox 1175 3669 1247 3724; x_wconf 88' lang='lat' dir='ltr'><strong>nach</strong></span> <span class='ocrx_word' id='word_1_249' title='bbox 1266 3669 1348 3737; x_wconf 79' lang='lat' dir='ltr'><strong>guten</strong></span> 
     </span>
     <span class='ocr_line' id='line_1_32' title="bbox 210 3751 1351 3819; baseline -0.003 -11"><span class='ocrx_word' id='word_1_250' title='bbox 210 3756 322 3810; x_wconf 85' lang='lat' dir='ltr'><strong>studien</strong></span> <span class='ocrx_word' id='word_1_251' title='bbox 340 3755 369 3809; x_wconf 91' lang='lat' dir='ltr'><strong>iu</strong></span> <span class='ocrx_word' id='word_1_252' title='bbox 387 3755 577 3811; x_wconf 87' lang='lat' dir='ltr'><strong>Deutschland</strong></span> <span class='ocrx_word' id='word_1_253' title='bbox 601 3757 659 3810; x_wconf 88' lang='lat' dir='ltr'><strong>und</strong></span> <span class='ocrx_word' id='word_1_254' title='bbox 677 3757 779 3812; x_wconf 77' lang='lat' dir='ltr'><strong>[italien</strong></span> <span class='ocrx_word' id='word_1_255' title='bbox 804 3751 898 3812; x_wconf 83' lang='lat' dir='ltr'><strong>warde</strong></span> <span class='ocrx_word' id='word_1_256' title='bbox 923 3775 952 3812; x_wconf 88' lang='lat' dir='ltr'><strong>er</strong></span> <span class='ocrx_word' id='word_1_257' title='bbox 977 3756 1157 3812; x_wconf 77' lang='lat' dir='ltr'><strong>kainenlieber</strong></span> <span class='ocrx_word' id='word_1_258' title='bbox 1181 3756 1258 3819; x_wconf 82' lang='lat' dir='ltr'><strong>rath,</strong></span> <span class='ocrx_word' id='word_1_259' title='bbox 1287 3754 1351 3805; x_wconf 81' lang='grc'><strong>1513</strong></span> 
     </span>
     <span class='ocr_line' id='line_1_33' title="bbox 210 3841 1350 3915; baseline -0.003 -19"><span class='ocrx_word' id='word_1_260' title='bbox 210 3842 321 3896; x_wconf 88' lang='lat' dir='ltr'><strong>bischof</strong></span> <span class='ocrx_word' id='word_1_261' title='bbox 336 3843 363 3896; x_wconf 93' lang='lat' dir='ltr'><strong>in</strong></span> <span class='ocrx_word' id='word_1_262' title='bbox 383 3844 547 3914; x_wconf 83' lang='lat' dir='ltr'><strong>Augsburg,</strong></span> <span class='ocrx_word' id='word_1_263' title='bbox 566 3845 639 3915; x_wconf 82' lang='lat' dir='ltr'><strong>siieg</strong></span> <span class='ocrx_word' id='word_1_264' title='bbox 657 3863 689 3898; x_wconf 85' lang='lat' dir='ltr'><strong>zu</strong></span> <span class='ocrx_word' id='word_1_265' title='bbox 709 3845 763 3898; x_wconf 89' lang='lat' dir='ltr'><strong>den</strong></span> <span class='ocrx_word' id='word_1_266' title='bbox 786 3846 919 3900; x_wconf 80' lang='lat' dir='ltr'><strong>hochsten</strong></span> <span class='ocrx_word' id='word_1_267' title='bbox 938 3844 1112 3900; x_wconf 85' lang='lat' dir='ltr'><strong>kirchliohen</strong></span> <span class='ocrx_word' id='word_1_268' title='bbox 1131 3845 1260 3906; x_wconf 85' lang='lat' dir='ltr'><strong>wiirden,</strong></span> <span class='ocrx_word' id='word_1_269' title='bbox 1286 3841 1350 3894; x_wconf 78' lang='lat' dir='ltr'><strong>loto</strong></span> 
     </span>
     <span class='ocr_line' id='line_1_34' title="bbox 210 3927 1349 4012; baseline -0.004 -30"><span class='ocrx_word' id='word_1_270' title='bbox 210 3928 448 3984; x_wconf 87' lang='lat' dir='ltr'><strong>cardinalbischof</strong></span> <span class='ocrx_word' id='word_1_271' title='bbox 457 3947 510 4012; x_wconf 79' lang='lat' dir='ltr'><strong>ron</strong></span> <span class='ocrx_word' id='word_1_272' title='bbox 523 3931 664 3997; x_wconf 77' lang='lat' dir='ltr'><strong>Prdneste,</strong></span> <span class='ocrx_word' id='word_1_273' title='bbox 683 3937 699 4000; x_wconf 94' lang='lat'>†</span> <span class='ocrx_word' id='word_1_274' title='bbox 712 3933 819 4001; x_wconf 78' lang='lat' dir='ltr'><strong>2April</strong></span> <span class='ocrx_word' id='word_1_275' title='bbox 831 3935 897 3990; x_wconf 83' lang='grc'><strong>1573</strong></span> <span class='ocrx_word' id='word_1_276' title='bbox 910 3933 939 3987; x_wconf 92' lang='lat' dir='ltr'><strong>iu</strong></span> <span class='ocrx_word' id='word_1_277' title='bbox 950 3933 1033 3994; x_wconf 87' lang='lat' dir='ltr'><strong>Rom;</strong></span> <span class='ocrx_word' id='word_1_278' title='bbox 1054 3932 1130 3986; x_wconf 88' lang='lat' dir='ltr'><strong>einer</strong></span> <span class='ocrx_word' id='word_1_279' title='bbox 1142 3933 1193 3986; x_wconf 90' lang='lat' dir='ltr'><strong>der</strong></span> <span class='ocrx_word' id='word_1_280' title='bbox 1211 3927 1349 3998; x_wconf 76' lang='lat' dir='ltr'><strong>eifrigsten</strong></span> 
     </span>
     <span class='ocr_line' id='line_1_35' title="bbox 210 4013 1347 4092; baseline -0.003 -24"><span class='ocrx_word' id='word_1_281' title='bbox 210 4017 268 4069; x_wconf 90' lang='lat' dir='ltr'><strong>und</strong></span> <span class='ocrx_word' id='word_1_282' title='bbox 297 4017 542 4074; x_wconf 86' lang='lat' dir='ltr'><strong>entschiedensten</strong></span> <span class='ocrx_word' id='word_1_283' title='bbox 570 4020 737 4092; x_wconf 71' lang='lat' dir='ltr'><strong>bekbmpfer</strong></span> <span class='ocrx_word' id='word_1_284' title='bbox 763 4021 812 4076; x_wconf 92' lang='lat' dir='ltr'><strong>der</strong></span> <span class='ocrx_word' id='word_1_285' title='bbox 838 4021 1019 4076; x_wconf 84' lang='lat' dir='ltr'><strong>reformation</strong></span> <span class='ocrx_word' id='word_1_286' title='bbox 1044 4019 1074 4073; x_wconf 89' lang='lat' dir='ltr'><strong>in</strong></span> <span class='ocrx_word' id='word_1_287' title='bbox 1101 4013 1347 4074; x_wconf 80' lang='lat' dir='ltr'><strong>Siiddeutscbland</strong></span> 
     </span>
     <span class='ocr_line' id='line_1_36' title="bbox 211 4099 1349 4178; baseline -0.005 -22"><span class='ocrx_word' id='word_1_288' title='bbox 211 4109 319 4172; x_wconf 80' lang='lat' dir='ltr'><strong>go&#39;nner</strong></span> <span class='ocrx_word' id='word_1_289' title='bbox 336 4101 384 4158; x_wconf 89' lang='lat' dir='ltr'><strong>der</strong></span> <span class='ocrx_word' id='word_1_290' title='bbox 403 4105 537 4172; x_wconf 84' lang='lat' dir='ltr'><strong>Jesrriten,</strong></span> <span class='ocrx_word' id='word_1_291' title='bbox 558 4107 645 4162; x_wconf 88' lang='lat' dir='ltr'><strong>denen</strong></span> <span class='ocrx_word' id='word_1_292' title='bbox 666 4125 695 4161; x_wconf 90' lang='lat' dir='ltr'><strong>er</strong></span> <span class='ocrx_word' id='word_1_293' title='bbox 716 4109 784 4162; x_wconf 85' lang='grc'><strong>1563</strong></span> <span class='ocrx_word' id='word_1_294' title='bbox 803 4107 849 4162; x_wconf 93' lang='lat' dir='ltr'><strong>ein</strong></span> <span class='ocrx_word' id='word_1_295' title='bbox 869 4106 1019 4178; x_wconf 82' lang='lat' dir='ltr'><strong>collegium</strong></span> <span class='ocrx_word' id='word_1_296' title='bbox 1039 4107 1069 4160; x_wconf 91' lang='lat' dir='ltr'><strong>in</strong></span> <span class='ocrx_word' id='word_1_297' title='bbox 1088 4105 1233 4175; x_wconf 83' lang='lat' dir='ltr'><strong>Dillingen</strong></span> <span class='ocrx_word' id='word_1_298' title='bbox 1251 4099 1349 4156; x_wconf 84' lang='lat' dir='ltr'><strong>enrich-</strong></span> 
     </span>
     <span class='ocr_line' id='line_1_37' title="bbox 210 4189 1264 4267; baseline -0.001 -24"><span class='ocrx_word' id='word_1_299' title='bbox 210 4193 283 4258; x_wconf 75' lang='lat' dir='ltr'><strong>tete5</strong></span> <span class='ocrx_word' id='word_1_300' title='bbox 302 4209 324 4248; x_wconf 90' lang='lat' dir='ltr'><strong>s.</strong></span> <span class='ocrx_word' id='word_1_301' title='bbox 343 4193 451 4266; x_wconf 51' lang='lat' dir='ltr'><strong>Braun„</strong></span> <span class='ocrx_word' id='word_1_302' title='bbox 463 4194 624 4267; x_wconf 78' lang='lat' dir='ltr'><strong>geschichte</strong></span> <span class='ocrx_word' id='word_1_303' title='bbox 642 4195 691 4250; x_wconf 89' lang='lat' dir='ltr'><strong>der</strong></span> <span class='ocrx_word' id='word_1_304' title='bbox 709 4195 842 4250; x_wconf 83' lang='lat' dir='ltr'><strong>bisclutiiie</strong></span> <span class='ocrx_word' id='word_1_305' title='bbox 861 4212 914 4250; x_wconf 86' lang='lat' dir='ltr'><strong>von</strong></span> <span class='ocrx_word' id='word_1_306' title='bbox 934 4195 1082 4264; x_wconf 73' lang='lat' dir='ltr'><strong>Augsburg</strong></span> <span class='ocrx_word' id='word_1_307' title='bbox 1100 4189 1264 4254; x_wconf 71' lang='grc'><strong>11135811.</strong></span> 
     </span>
    </p>

    <p class='ocr_par' dir='ltr' id='par_1_11' title="bbox 210 4275 1347 4440">
     <span class='ocr_line' id='line_1_38' title="bbox 280 4275 1347 4351; baseline 0.004 -19"><span class='ocrx_word' id='word_1_308' title='bbox 280 4279 296 4332; x_wconf 79' lang='lat'><strong>2</strong></span> <span class='ocrx_word' id='word_1_309' title='bbox 315 4278 350 4332; x_wconf 83' lang='lat' dir='ltr'><strong>Es</strong></span> <span class='ocrx_word' id='word_1_310' title='bbox 368 4279 477 4334; x_wconf 87' lang='lat' dir='ltr'><strong>scheiut</strong></span> <span class='ocrx_word' id='word_1_311' title='bbox 496 4279 588 4345; x_wconf 84' lang='lat' dir='ltr'><strong>nicht,</strong></span> <span class='ocrx_word' id='word_1_312' title='bbox 608 4282 670 4337; x_wconf 79' lang='lat' dir='ltr'><strong>dass</strong></span> <span class='ocrx_word' id='word_1_313' title='bbox 689 4281 734 4340; x_wconf 89' lang='lat' dir='ltr'><strong>die</strong></span> <span class='ocrx_word' id='word_1_314' title='bbox 751 4283 849 4337; x_wconf 81' lang='lat' dir='ltr'><strong>ameite</strong></span> <span class='ocrx_word' id='word_1_315' title='bbox 868 4283 917 4338; x_wconf 88' lang='lat' dir='ltr'><strong>der</strong></span> <span class='ocrx_word' id='word_1_316' title='bbox 934 4281 1068 4338; x_wconf 83' lang='lat' dir='ltr'><strong>achriiten</strong></span> <span class='ocrx_word' id='word_1_317' title='bbox 1087 4280 1227 4351; x_wconf 80' lang='lat' dir='ltr'><strong>gedruolt</strong></span> <span class='ocrx_word' id='word_1_318' title='bbox 1244 4275 1347 4337; x_wconf 77' lang='lat' dir='ltr'><strong>wurder</strong></span> 
     </span>
     <span class='ocr_line' id='line_1_39' title="bbox 210 4364 1066 4440; baseline 0.005 -21"><span class='ocrx_word' id='word_1_319' title='bbox 210 4365 249 4419; x_wconf 86' lang='lat' dir='ltr'><strong>aie</strong></span> <span class='ocrx_word' id='word_1_320' title='bbox 268 4364 357 4420; x_wconf 85' lang='lat' dir='ltr'><strong>findet</strong></span> <span class='ocrx_word' id='word_1_321' title='bbox 375 4366 434 4419; x_wconf 87' lang='lat' dir='ltr'><strong>sich</strong></span> <span class='ocrx_word' id='word_1_322' title='bbox 453 4368 482 4420; x_wconf 90' lang='lat' dir='ltr'><strong>in</strong></span> <span class='ocrx_word' id='word_1_323' title='bbox 503 4368 612 4422; x_wconf 87' lang='lat' dir='ltr'><strong>keinem</strong></span> <span class='ocrx_word' id='word_1_324' title='bbox 633 4369 919 4425; x_wconf 81' lang='lat' dir='ltr'><strong>bbcherverzeichnias</strong></span> <span class='ocrx_word' id='word_1_325' title='bbox 936 4370 1066 4440; x_wconf 79' lang='lat' dir='ltr'><strong>Vergers.</strong></span> 
     </span>
    </p>
   </div>
   <div class='ocr_carea' id='block_1_8' title="bbox 0 0 1435 5076">
    <p class='ocr_par' dir='ltr' id='par_1_12' title="bbox 0 0 1435 5076">
     <span class='ocr_line' id='line_1_40' title="bbox 0 0 1435 5076; baseline 0 0"><span class='ocrx_word' id='word_1_326' title='bbox 0 0 1435 5076; x_wconf 95' lang='lat' dir='ltr'><strong> </strong></span> 
     </span>
    </p>
   </div>
  </div>
 </body>
</html>
