2862 5080
776 350 841 412 nno
1302 343 1354 418 ,1⁵⁶⁴

234 519 359 594 qnidam,
379 516 971 614 VestramillustrissimamOelsitndinom
989 515 1145 589 audivisse,
1166 517 1261 590 pntnri
1277 521 1353 576 tamen

232 621 466 696 signifioandum,
498 619 575 693 quod
602 619 686 679 ualde
714 621 811 693 placet
836 619 873 678 ad
899 620 1015 678 laudern
1036 619 1100 678 Dei.
1141 621 1230 680 Pater
1253 621 1354 680 emlestis

231 729 376 802 &augeat
406 726 520 786 Vestroe
548 723 753 788 Illustrissimue
781 723 953 784 Oelsitudini
988 724 1122 796 spiritum
1151 730 1182 784 et
1214 723 1292 784 fidem
1315 741 1354 799 per
1420 749 1421 800 l

232 834 379 894 Christum
399 831 546 890 dominnm
566 835 704 888 nostrum.
1420 867 1421 922 ,

309 938 415 998 Datum
435 935 575 1008 Tublngae
596 935 643 993 die
666 938 702 994 14
722 935 793 994 Maii
817 934 901 994 1564.

1093 1089 1095 1097 ,
1134 1039 1294 1112 Vergerins.

772 1225 838 1280 206.

609 1345 768 1412 Bellibvre
791 1367 833 1412 an
856 1343 989 1430 Vergen.

643 1468 721 1528 (lhur
742 1470 781 1526 20
802 1467 862 1526 Mai
884 1468 969 1527 1564.

302 1582 466 1654 Verspriolrb
477 1584 585 1650 Verger
597 1583 673 1636 seina
686 1579 878 1650 verwendung
896 1580 953 1634 und
970 1579 1057 1634 theilt
1075 1577 1134 1633 ihm
1154 1578 1211 1634 (len
1229 1577 1306 1632 stand
1320 1577 1357 1630 der

230 1679 316 1751 <linge
334 1679 365 1734 in
383 1678 574 1734 (iraubllnden
592 1677 653 1735 mit.
766 1725 768 1732 ,

310 1779 401 1837 Valde
421 1775 571 1850 magnifiee
594 1782 626 1834 et
643 1774 917 1836 illustrissimevirl

308 1881 414 1951 Accepi
430 1880 544 1938 litteras
561 1877 794 1938 excellentissimi
812 1876 919 1936 domini
935 1875 1016 1935 dunis
1026 1875 1297 1950 wirtembergensis
1313 1891 1359 1934 ιιι

1420 4907 1421 4958 l

1420 4959 1421 5010 l

229 2001 294 2044 enm
314 1985 419 2044 litteris
440 1982 645 2044 dominationis
665 1989 778 2055 uestrae,
800 1981 855 2041 fnit
876 1982 946 2058 mihi
965 1997 1014 2040 res
1026 1983 1199 2054 gratissima,
1222 1982 1315 2040 andim
1331 1979 1359 2037 de

228 2091 303 2150 bono
323 2095 401 2156 statu
423 2095 520 2149 restro
542 2095 572 2148 et
592 2093 719 2147 vestrum
739 2088 840 2146 audire
861 2087 1007 2146 dominnm
1028 2093 1163 2162 nepotem
1177 2087 1207 2160 ¹,
1242 2086 1289 2161 qni
1305 2082 1360 2143 nihi

227 2195 306 2254 uisus
327 2201 372 2253 est
393 2194 542 2266 eruditus,
562 2193 691 2266 prudens
712 2200 743 2251 et
762 2191 937 2251 honorificus
958 2192 1072 2251 nobilis.
1112 2192 1186 2265 EJus
1207 2190 1360 2250 sufficientia

228 2301 323 2360 estin
344 2313 444 2372 eausa,
477 2297 553 2372 quod
575 2313 631 2356 non
652 2297 735 2369 capio
755 2297 932 2370 provinciam
952 2297 1038 2356 modo
1058 2297 1206 2356 scribendi
1227 2294 1360 2364 derebus,

226 2423 292 2480 quse
310 2405 349 2464 ad
370 2405 500 2464 dominos
520 2401 638 2463 Rhoetus
658 2405 821 2488 pertinent,
844 2421 909 2478 quae
930 2403 1137 2487 haetenusme
1157 2403 1232 2460 satis
1251 2401 1360 2472 exagite-

226 2516 305 2582 runt,
326 2510 377 2568 sed
398 2525 492 2584 spero,
514 2525 559 2567 me
580 2507 746 2581 perfecisse,
767 2514 799 2566 ut
821 2511 912 2567 nostri
932 2509 1028 2567 aemuli
1047 2510 1104 2567 sint
1124 2507 1256 2566 habituri
1274 2505 1360 2562 bonan

225 2621 338 2689 partem
358 2615 539 2675 incommodi.
571 2613 674 2686 Credo,
696 2613 774 2687 quod
785 2629 879 2684 eomes
900 2614 1075 2687 Angosniola
1094 2611 1190 2672 aderit
1211 2613 1289 2670 intra
1305 2622 1360 2681 qna-

225 2726 293 2780 tuor
308 2720 370 2779 dies
384 2736 448 2780 oum
464 2718 594 2778 Adriano
612 2717 767 2777 Verbeeeo.
798 2719 870 2776 Rem
891 2718 1060 2790 videbimus,
1081 2735 1138 2783 non
1159 2733 1225 2776 sum
1246 2727 1360 2776 cessuros

224 2829 284 2883 tam
305 2825 370 2884 cito.
401 2823 486 2895 Quod
505 2823 612 2882 attinet
631 2821 670 2882 nd
689 2823 837 2896 negotium
851 2821 1053 2898 dominationis
1067 2827 1180 2894 vestrae,
1204 2821 1242 2881 de
1257 2831 1361 2896 quosne

225 2929 398 2990 excellentla
417 2929 455 2988 aul
475 2943 521 2986 me
541 2927 669 3002 scripsit,
690 2933 857 3003 exspectate
878 2945 896 2986 a
915 2943 962 2986 me
982 2929 1079 2988 omnia
1097 2928 1148 2987 illa
1168 2925 1279 2999 offieia,
1309 2937 1361 2997 qua

223 3031 436 3106 potentiamne
456 3031 597 3105 quilibet,
628 3034 678 3108 qni
695 3035 735 3092 sit
754 3035 831 3094 bene
851 3031 979 3094 affectus.
1017 3035 1099 3094 Dens
1126 3032 1197 3092 mihi
1222 3033 1274 3092 det
1297 3030 1360 3089 uires

223 3137 350 3212 equales
369 3137 453 3196 bonae
474 3137 639 3209 voluntatis,
660 3155 755 3210 spero,
776 3155 821 3196 nne
842 3137 924 3198 brevi
938 3139 1064 3198 uisurum
1084 3153 1164 3198 suam
1180 3139 1359 3211 majestatem,

223 3261 288 3302 enm
301 3244 430 3315 primum
449 3239 647 3316 Lugdunum'
666 3245 847 3316 pervenerit,
874 3243 923 3305 ubi
943 3242 1098 3303 habebitur
1117 3243 1258 3302 memoria
1277 3254 1361 3300 rerum

224 3355 392 3422 vestrarum,
413 3355 444 3408 et
456 3365 520 3408 eum
529 3347 639 3408 Badam
659 3365 820 3421 pervenero
839 3349 877 3408 ad
898 3349 1014 3422 dietam,
1036 3365 1101 3424 qua
1121 3347 1173 3407 fiet
1192 3348 1249 3406 lion
1267 3357 1359 3413 merse,

223 3453 326 3526 loquar
345 3470 409 3512 eum
429 3453 619 3514 thesaurario.
660 3454 715 3513 Hie
734 3471 804 3514 vero
825 3453 911 3514 finem
931 3454 1041 3516 faciens
1061 3473 1107 3515 me
1128 3459 1191 3512 toto
1212 3452 1299 3512 eorde
1317 3449 1359 3506 luu-

223 3557 338 3618 militer
351 3559 519 3618 commendo
540 3560 728 3618 dominationi
748 3565 862 3632 vestrae,
882 3561 961 3620 illam
982 3577 1104 3636 rogans,
1134 3564 1168 3618 ut
1188 3557 1320 3629 velitme
1335 3553 1359 3610 in

222 3667 343 3737 gretiam
354 3681 463 3738 ponere
474 3665 659 3724 illustrissimi
671 3664 752 3724 duola
765 3666 808 3724 sai
824 3671 911 3739 atque
925 3666 968 3724 illi
984 3665 1138 3733 affirmare,
1159 3679 1205 3722 me
1226 3672 1359 3733 nunqnam

222 3767 388 3827 defuturum
409 3770 550 3840 servituti,
572 3786 656 3842 quam
676 3785 729 3841 per
749 3787 827 3828 meas
848 3771 963 3830 litteras
983 3769 1110 3846 promisi.
1142 3768 1221 3827 Deus
1237 3781 1287 3824 vos
1302 3776 1357 3821 oon-

219 3873 517 3936 ser-uetinoolumem.
557 3873 653 3932 (iuriae
675 3873 844 3932 Rhaetorum
865 3873 914 3933 die
933 3875 991 3932 XX
1012 3875 1083 3932 Maii
1107 3873 1192 3931 1564.

532 3979 663 4070 Servitus·
683 3985 713 4038 et
733 3981 841 4038 amicus
861 3979 1064 4039 affectissimus
1116 4039 1118 4044 .

787 4163 802 4197 ss

291 4238 303 4291 l
325 4238 464 4304 Aurelius
484 4257 504 4292 s.
523 4257 551 4294 n.
561 4235 630 4296 ’.205

241 4328 313 4380 2
324 4327 393 4382 Karl
406 4329 445 4382 IX
457 4327 571 4382 maohte
589 4277 725 4385 dornale
717 4324 747 4382 ιιι
766 4327 936 4398 begleltung
953 4325 1049 4380 seiner
1063 4326 1170 4380 mutter
1186 4322 1263 4379 seina
1281 4316 1354 4374 rund-

219 4413 289 4468 r'eise
309 4413 396 4468 durch
415 4414 593 4472 Frankreieh
