2852 5076
759 373 799 438 96
1287 369 1342 428 1555

202 555 330 608 nostram
350 552 479 607 veterem
499 547 664 619 amicitiam,
687 547 742 606 hoc
762 561 798 605 nc
820 542 946 604 affirmes
967 543 1051 617 alibi,
1074 545 1142 617 quia
1163 544 1344 603 certissimum

203 654 257 725 est,
278 667 372 726 neque
393 651 647 710 ducem'nostruru
667 649 893 708 illustrissimum
922 663 1015 721 neque
1036 647 1236 720 Augustenses
1259 663 1343 722 neque

203 757 354 816 Ulmenses
373 769 468 830 neque
489 751 718 828 Argentiuenses
743 751 820 812 lerre
845 751 1058 825 anabaptistae,
1085 750 1143 808 imo
1164 767 1266 810 curare
1291 751 1345 810 dili·

203 859 380 936 geutissime,
401 860 435 917 ut
450 859 644 930 reprimantur
664 857 701 932 (si
717 858 767 931 qui
780 857 864 916 inodo
885 855 974 932 suut).
1004 855 1097 927 Quum
1119 853 1164 912 hic
1185 871 1217 912 se
1237 873 1343 931 repres-

203 981 266 1026 sum
286 964 415 1024 videret:
457 961 559 1035 Certe,
586 961 695 1036 inquit,
723 963 826 1021 saltent
846 961 994 1020 Palatinus
1014 959 1132 1019 Bbsni¹
1153 969 1183 1018 et
1203 961 1343 1035 Landgra-

204 1065 290 1128 sius‘
310 1065 390 1125 luvet
410 1081 469 1124 eos.
509 1063 657 1138 Respondi
678 1064 845 1122 constanter
870 1062 1012 1138 (modeste
1040 1063 1152 1140 minen)
1178 1081 1275 1139 neque
1301 1065 1345 1124 hoc
1419 1110 1420 1145 ,

204 1189 304 1231 verum
324 1185 401 1242 esse,
423 1175 454 1229 et
474 1183 586 1226 rursum
608 1168 706 1241 oravi,
736 1186 772 1226 ne
792 1168 823 1228 id
844 1167 942 1227 credat
968 1183 1041 1227 uene
1060 1165 1199 1242 ailinnet,
1230 1186 1345 1244 eumque

203 1277 338 1350 iujuriam
359 1273 456 1334 facere
476 1274 678 1333 illustrissimis
698 1271 884 1347 principibus,
905 1287 1003 1331 verum
1024 1271 1213 1346 pertinaciter
1233 1281 1344 1334 eonten-

203 1381 300 1453 debat,
321 1397 352 1440 se
372 1381 446 1440 scire
465 1395 518 1452 pro
533 1383 622 1451 certo,
642 1395 704 1437 rem
719 1395 783 1438 esse
798 1394 904 1438 veram.
934 1377 1013 1436 Nihil
1033 1384 1130 1438 antem
1151 1376 1263 1450 dubito,
1285 1381 1344 1452 quin
1420 1453 1421 1458 ἵ

204 1487 258 1546 boc
278 1501 330 1545 suo
350 1484 413 1558 regi
433 1483 570 1556 inprimis,
591 1483 697 1542 deindo
717 1482 791 1555 aliis,
812 1480 890 1556 apud
910 1499 981 1556 quos
1001 1484 1150 1556 versatur,
1170 1483 1207 1543 sit
1229 1481 1345 1542 affirma·
1420 1489 1421 1492 ’

204 1597 303 1661 turns3
325 1588 391 1647 novi
412 1586 488 1646 euim
510 1587 661 1646 hominem.
703 1587 800 1660 Quare
821 1585 970 1645 Gelsitudo
990 1587 1095 1646 Vestra
1116 1569 1260 1662 dispiciat,
1283 1587 1345 1660 qnid
1421 1635 1422 1650 2

204 1693 356 1766 agendum,
377 1707 413 1750 ue
433 1691 477 1750 illi
497 1693 554 1751 duo
574 1691 760 1752 illustrissimi
780 1690 924 1767 principos
944 1693 998 1752 hoc
1018 1693 1133 1753 nomine
1152 1692 1344 1766 diffamatum
1422 1731 1423 1736 κ

206 1798 303 1859 neseio
323 1797 400 1858 unde
420 1799 475 1858 iste
495 1798 625 1858 hauserit
644 1804 702 1857 tam
722 1799 826 1858 malain
847 1797 1020 1871 opinionem.

282 1904 386 1976 laetat,
408 1901 551 1962 Gaesarem
569 1904 676 1975 optime
698 1903 803 1978 valere,
825 1903 933 1963 latetur
952 1905 1058 1973 tamen,
1080 1921 1146 1963 eum
1165 1903 1346 1963 abstinerea
1420 1933 1421 1986 ,

205 2009 381 2069 tractatione
409 2007 602 2067 consiliorum.
643 2005 688 2068 De'
707 2025 777 2083 rege
799 2009 912 2082 Angliae
939 2011 1011 2067 mira
1037 2013 1124 2081 atque
1153 2007 1302 2079 hispanice
1320 2007 1346 2066 id
1420 1987 1421 2010 ¹

205 2121 251 2174 est
269 2114 367 2174 multis
387 2113 643 2175 exclamationibus
662 2112 816 2187 predicat,
841 2115 1002 2189 praesertim
1023 2115 1059 2173 de
1080 2113 1234 2180 devotione
1254 2113 1346 2185 populi

204 2219 242 2279 ad
263 2221 363 2278 missas
384 2217 440 2294 (ita
466 2217 626 2297 loquitur);
657 2218 795 2293 respondi
822 2219 932 2290 libere,
963 2217 1034 2279 nihil
1060 2217 1120 2278 illic
1147 2217 1345 2290 voluntarium,

184 2322 257 2380 sed
277 2327 356 2381 metu
376 2319 550 2380 dissimulari
570 2321 739 2394 religionem
765 2339 865 2396 papae,
893 2328 980 2397 atque
1000 2323 1031 2383 id
1055 2323 1149 2382 miuus
1174 2339 1259 2395 posse
1288 2341 1345 2383 esse

172 2501 175 2507 Ι
205 2427 381 2486 diuturnum.

282 2531 371 2592 Aliud
391 2530 508 2592 verbum
528 2530 657 2606 percepi,
679 2533 756 2606 quod
776 2549 833 2593 uon
854 2541 900 2593 est
920 2551 938 2593 a
957 2549 1003 2592 me
1023 2532 1174 2592 silendum.
1210 2534 1274 2606 Ego
1296 2533 1345 2609 (iu-

206 2635 282 2715 quit)
303 2639 377 2710 scio,
405 2635 548 2697 Gaesarem
574 2639 774 2712 constituisse,
806 2639 972 2714 relinquere
999 2637 1152 2713 unicuique
1179 2638 1344 2712 religionem

204 2727 334 2813 liberam,
356 2755 449 2812 neque
471 2757 534 2800 esse
554 2746 719 2800 coacturum
740 2731 909 2816 quemqnam
925 2741 955 2800 iu
972 2731 1139 2815 Germania3
1160 2741 1212 2802 sed
1232 2740 1263 2801 id
1284 2758 1343 2800 eun

205 2845 279 2904 male
299 2843 402 2915 habet,
434 2843 510 2916 quod
537 2848 619 2903 tanta
645 2844 684 2903 sit
711 2843 836 2904 sanetas
865 2845 1031 2918 opinionum
1060 2852 1090 2906 et
1115 2847 1193 2919 quod
1219 2845 1345 2907 ferantur

204 2949 409 3028 anabaptistae3
430 2949 581 3022 respondi,
602 2951 718 3008 minime
738 2948 818 3021 ferri,
840 2951 960 3024 deinde,
981 2949 1096 3009 minime
1117 2967 1180 3010 esse
1201 2952 1279 3010 inter
1297 2967 1345 3009 uos

205 3052 390 3140 uarietatem,
422 3056 451 3110 et
478 3051 608 3124 quotidie
634 3068 686 3110 nos
705 3051 760 3112 hoc
778 3053 909 3127 inprimis
929 3071 1045 3127 curare,
1074 3061 1105 3114 ut
1126 3053 1156 3112 in
1177 3057 1284 3114 nostris
1304 3071 1345 3114 ec·

205 3155 300 3216 clesiis
320 3158 425 3215 existat
444 3156 536 3215 solida
557 3163 587 3216 et
608 3162 707 3216 sancta
727 3158 831 3232 unitas,
854 3159 887 3217 ut
906 3160 1055 3219 unanimes
1075 3158 1268 3232 glorificemus
1285 3165 1343 3233 pat-

204 3279 267 3322 rem
287 3261 395 3321 domiui
415 3260 507 3320 nostri
526 3261 599 3321 5555
619 3262 736 3322 christi.
841 3271 843 3274 ’

285 3366 398 3426 Addam
418 3373 449 3425 et
468 3366 536 3436 hoc3
563 3363 669 3440 petivit
688 3383 706 3424 a
726 3382 780 3438 me,
801 3363 930 3440 nunquid
950 3363 1053 3424 scirem
1072 3381 1170 3450 regem
1191 3363 1343 3425 Romanum

204 3467 359 3529 discedisse
380 3469 519 3542 Augusta,
541 3474 660 3540 propter
680 3469 817 3542 quasdam
837 3468 961 3542 nuptias,
982 3485 1046 3540 qnae
1066 3467 1140 3528 fiunt
1159 3470 1190 3526 in
1215 3470 1341 3540 Saxonis,

204 3571 281 3630 unde
309 3571 428 3630 timetur
453 3570 577 3645 hellum3
605 3571 703 3644 ajebat
730 3571 806 3630 enim
833 3589 863 3630 se
890 3572 921 3630 id
941 3574 971 3630 iu
992 3572 1038 3632 via
1056 3572 1162 3632 alicubi
1190 3575 1339 3641 audivisse;

204 3673 342 3748 respondi
361 3691 406 3733 me
428 3673 498 3732 nihil
519 3674 599 3733 aliud
619 3677 702 3748 scire,
724 3693 808 3750 quam
829 3694 927 3751 regem
948 3677 1088 3751 Augustae
1109 3695 1183 3738 esse.

282 3775 334 3834 Vir
355 3782 400 3834 est
420 3779 632 3851 sexagenarius,
654 3778 770 3837 vehitur
790 3779 894 3840 lectica
914 3786 1034 3854 propter
1053 3781 1226 3854 podagram,
1254 3781 1342 3857 placet

205 3879 259 3939 sibi
279 3879 381 3954 valde3
411 3880 500 3942 habet
526 3883 603 3942 cniur
623 3883 799 3943 luculentam
826 3885 958 3959 barbam,
986 3901 1081 3958 neque
1108 3886 1277 3960 ineloquens
1301 3891 1341 3942 est

205 4000 299 4056 neque
319 4000 421 4058 parum
433 3990 543 4058 cautus,
564 3987 626 4059 agit
638 3988 805 4060 magistrum
819 3987 919 4048 domus
932 3991 1009 4062 regis
1024 3989 1181 4064 Bonchis,
1203 3992 1254 4051 sed
1265 4005 1340 4066 quarn

769 4126 784 4160 ὴ

276 4237 288 4289 l
308 4235 450 4292 Friedrich
468 4233 503 4303 II,
521 4234 646 4292 kurfdrst
664 4235 823 4292 15441556.
884 4278 888 4286 .

274 4323 292 4375 2
309 4322 431 4394 Philipp,
451 4323 587 4395 laudgraf
601 4343 656 4380 vou
669 4325 781 4390 Hessen,
801 4327 866 4396 geb.
887 4327 961 4392 1504,
980 4328 996 4395 †
1016 4327 1091 4393 1567,
1112 4327 1162 4382 der
1179 4328 1273 4399 albige
1290 4327 1337 4380 ilir-

204 4408 284 4464 derer
302 4409 351 4466 der
368 4410 559 4466 reformation.
