2830 5072
772 345 835 409 276
1309 335 1358 390 ¹5⁶¹

232 513 478 576 JuliussThiene
493 516 563 574 nili
582 517 740 588 scripserat
759 533 812 576 sus
831 517 920 587 ipsius
940 531 1036 586 menn,
1057 513 1134 588 quod
1154 513 1217 586 ipse
1238 529 1295 570 uns
1314 529 1360 570 eun

233 619 357 692 quodem
373 616 462 676 nobili
475 617 559 675 Gullo
573 619 734 691 urgentius
749 623 813 676 erut
833 617 1010 675 discessurus
1030 617 1077 676 die
1098 625 1181 675 sexto
1195 617 1281 690 huius
1300 635 1360 675 meu·

231 725 271 781 sis
292 729 323 780 ot
342 722 539 796 Stutgurdism
559 723 597 780 sd
613 723 744 781 Vestrsm
758 722 984 781 Illustrissimsm
1004 721 1212 781 celsitudinem
1233 727 1360 792 venturus,

232 834 264 886 et
290 843 355 885 cum
381 827 418 885 sb
444 827 544 886 eodem
572 827 752 888 celsitudine
781 828 886 886 Vestro
914 827 1076 886 sciscitatus
1102 824 1233 897 fuissem,
1263 825 1311 883 ubi
1332 827 1361 883 lo

232 948 332 992 corum
361 947 426 990 sum
453 931 577 992 fuissent
602 935 765 1004 inventuri,
796 947 889 1005 enque
920 932 1039 1003 dignstu
1065 928 1167 988 fuisset
1193 930 1360 1003 respondere,

230 1035 296 1093 misi
310 1049 479 1106 responsum
489 1035 611 1093 obvium.
642 1035 677 1092 Iu
697 1051 807 1092 summu
827 1051 885 1092 uon
905 1017 1135 1105 comparuerunt.
1166 1035 1232 1107 Ego
1253 1037 1361 1107 suspicor

232 1140 433 1212 aegritudiuem
454 1139 482 1196 d.
503 1138 608 1197 nobilis
628 1137 722 1209 Gelli,
753 1154 810 1211 qus
837 1138 938 1210 scripsi
966 1153 1032 1194 eum
1055 1136 1210 1205 laborare,
1241 1136 1325 1194 fuisse
1340 1138 1360 1193 iu

232 1259 327 1302 osum.
353 1243 412 1302 Sed
423 1249 588 1316 utcumque,
608 1242 687 1300 volui
706 1243 850 1301 rationem
870 1241 1004 1312 reddere,
1024 1257 1070 1299 me
1091 1257 1148 1299 uon
1169 1238 1298 1299 defuisse
1314 1257 1360 1299 meo

232 1346 327 1406 officio
354 1363 425 1420 erge
444 1346 571 1406 nobilem
596 1347 758 1419 praesertim
778 1345 909 1418 cellum,
938 1345 987 1418 qui
1017 1345 1086 1403 mihi
1113 1345 1232 1405 videtur
1252 1346 1361 1420 negotio

231 1469 296 1510 rum
316 1467 403 1510 euuss
422 1451 572 1514 advenire.

313 1553 426 1612 Praeter
445 1553 563 1626 negotis
581 1551 720 1610 Polonies
740 1557 771 1609 et
790 1550 957 1623 Lituunics,
983 1569 1046 1625 queo
1066 1555 1176 1626 scripsi,
1201 1569 1249 1612 me
1274 1552 1362 1612 hebere

231 1656 421 1728 conferendo,
446 1633 677 1730 supervenerunt
696 1657 784 1716 hodie
804 1655 876 1714 mihi
896 1657 1026 1730 qusedum
1047 1659 1159 1718 Gallica
1179 1665 1209 1718 et
1231 1659 1361 1718 Helvetios

231 1763 397 1822 mediocris
437 1763 503 1822 Nou
523 1762 668 1838 gravabor
693 1763 793 1820 venire
818 1761 848 1819 in
879 1778 943 1820 eum
971 1763 1084 1835 locum,
1114 1762 1165 1820 ubi
1184 1764 1293 1822 Vestra
1311 1762 1361 1821 lllu·

230 1867 370 1926 strissimo
389 1866 537 1926 celsitudo
556 1865 656 1926 tuturo
676 1869 723 1937 sit,
744 1869 768 1926 si
789 1884 824 1924 eu
845 1867 1010 1941 dignabitur
1028 1869 1098 1926 mihi
1118 1867 1297 1942 significare,
1315 1867 1361 1925 ubi-

230 1987 297 2029 nsm
317 1987 431 2045 possem
451 1989 514 2030 eoru
532 1972 674 2031 iuvenire.
703 1973 849 2044 Dignetur
861 1989 930 2045 ergo
950 1972 1019 2031 mihi
1039 1971 1212 2046 significare,
1234 1991 1300 2032 num
1317 1988 1361 2030 ne·

229 2082 290 2149 tuo,
311 2093 348 2134 ne
369 2093 433 2136 crus
453 2077 589 2149 Fulliuge
609 2080 648 2135 sit
668 2077 839 2137 discessuro.
876 2078 1118 2137 commendoms
1140 2078 1236 2136 eidem
1257 2077 1361 2136 celsitu·

231 2181 292 2240 diui
318 2182 432 2241 Vestris
461 2187 640 2242 reverenter.
687 2182 776 2242 Peter
804 2183 931 2242 ooelestis
963 2191 1070 2256 augeat
1099 2185 1142 2242 illi
1173 2200 1241 2242 suos
1270 2184 1360 2242 divinos

230 2288 391 2359 thesauros,
412 2287 544 2360 spiritum
564 2293 595 2346 et
615 2286 701 2346 iidem
721 2305 775 2360 per
795 2287 942 2348 christum
962 2288 1107 2355 dominum
1128 2294 1267 2348 nostrum.

309 2390 449 2464 Tubiugae
469 2390 498 2448 X
518 2391 641 2465 Augusti
665 2394 749 2450 1561.

353 2495 539 2555 Humillimns
561 2498 685 2556 servitor
704 2499 818 2558 Vestree
839 2498 1028 2558 celsitudinis
1047 2497 1254 2556 Illustrissime

1131 2603 1297 2676 Vergerius.

775 2875 840 2930 120.

533 2993 659 3080 Verger
680 3019 724 3060 en
745 2996 865 3082 herzog
889 2995 1073 3082 cbristoph.

569 3125 746 3200 Reutlingeu
769 3129 804 3185 15
826 3130 939 3202 August
962 3131 1046 3188 1561.

300 3241 407 3296 Meldsi
425 3241 471 3297 dio
489 3243 612 3299 unkunft
630 3245 678 3300 des
698 3245 853 3304 Frenuosen
871 3249 929 3303 und
949 3249 997 3305 des
1019 3248 1118 3319 graleu
1137 3266 1193 3304 von
1211 3249 1319 3304 Tluieue.
1396 3289 1397 3298 ,

307 3340 502 3400 Illustrissime
523 3342 660 3418 Princeps
681 3351 711 3404 et
730 3346 853 3406 Domine
874 3348 996 3406 Domine
1022 3347 1264 3407 clementissime!
1396 3299 1397 3377 ¹

308 3442 380 3502 cnm
399 3445 584 3520 Rethlingom
604 3449 746 3508 venissem
766 3467 865 3524 manc,
895 3453 1027 3510 nuntium
1046 3452 1161 3524 inveni,
1194 3452 1243 3524 qui
1268 3447 1300 3507 sd
1324 3460 1360 3503 ne

229 3545 298 3618 ibst,
320 3554 353 3606 ut
372 3550 528 3621 nuntiaret,
551 3569 723 3625 generosum
743 3556 889 3615 domiuum
910 3557 1043 3616 comitem
1059 3556 1166 3615 Julium
1189 3571 1251 3614 esse
1270 3554 1296 3610 iu
1315 3550 1358 3619 vic
1395 3577 1396 3632 l

229 3657 262 3710 ut
287 3669 351 3710 oum
375 3653 426 3712 illo
453 3655 544 3714 nobili
573 3657 679 3718 cullo¹
707 3662 744 3721 ud
770 3661 978 3722 celsitudinem
998 3663 1131 3723 Vestrum
1163 3663 1288 3731 veniret,
1317 3654 1360 3715 sod
1395 3635 1396 3671 ¹

230 3754 439 3828 Stutgsrdism,
461 3777 551 3834 quere
577 3780 672 3838 spero,
692 3767 759 3824 illos
780 3770 826 3826 vel
847 3766 900 3826 hac
921 3773 1005 3827 nocte
1026 3767 1073 3826 vel
1095 3783 1159 3826 oras
1182 3769 1218 3825 ed
1240 3776 1359 3824 summum

228 3857 342 3936 futuros
361 3879 441 3922 meos
461 3865 599 3939 hospites.
640 3871 683 3928 Ac
710 3889 767 3931 uon
793 3879 839 3931 est
867 3872 1006 3945 dubium,
1038 3874 1105 3945 quin
1133 3873 1231 3930 stetim
1256 3871 1306 3928 siut
1329 3863 1359 3923 od

228 3959 453 4024 Illustrissimsm
474 3967 681 4030 Celsitudinem
701 3975 836 4034 Vestrum
860 3975 1028 4049 profecturi.
1069 3977 1205 4049 Supplioo
1225 3975 1313 4048 igitur,
1332 3973 1358 4027 ut

229 4080 264 4122 eu
285 4067 421 4141 dignetur
440 4069 506 4147 (pro
526 4090 579 4133 sus
604 4077 769 4154 clementio)
798 4081 857 4138 suis
884 4081 992 4140 litteris
1020 4078 1272 4148 commonefacere,
1297 4087 1356 4147 quo·
1393 4125 1394 4158 ,

228 4182 294 4225 nom
314 4171 488 4231 veniendum
512 4173 610 4236 fuerit.
653 4179 727 4238 Nam
755 4185 893 4256 suspicor,
921 4189 986 4256 post
1012 4184 1088 4243 diem
1113 4184 1274 4244 dominicum
1302 4191 1356 4238 eon

794 4305 810 4340 lt

297 4384 309 4436 1
331 4383 358 4437 s.
376 4384 417 4438 or.
435 4403 462 4440 n.
483 4389 532 4443 118
541 4408 566 4446 a.
581 4395 609 4449 s.
629 4397 688 4451 119.
1141 4396 1144 4402 ’
