2830 5072
757 357 819 420 2⁷2

756 617 820 674 116.

516 742 641 829 Verger
664 765 706 808 an
728 743 849 828 herzog
871 741 1058 826 Christoph.

596 883 748 958 Ttlbingen
769 885 786 940 6
808 883 868 942 Juli
892 885 976 941 1561.

282 1016 398 1074 Schicht
416 1016 479 1071 eine
499 1014 599 1070 schrift
623 1016 693 1070 iiber
717 1015 776 1069 sein
803 1014 940 1084 gesprltch
968 1013 1021 1068 mit
1045 1014 1109 1069 dem
1127 1014 1306 1085 papstlichcn
1320 1015 1349 1070 le

215 1118 303 1186 getan
321 1113 379 1168 und
398 1111 504 1166 meldet
522 1111 568 1166 die
585 1111 728 1166 rdcirkehr
752 1109 843 1165 seines
866 1108 958 1164 neffen
977 1109 1097 1180 Ludwig
1115 1128 1165 1164 aris
1185 1111 1348 1166 Franlrreich.

294 1211 491 1271 illustrissime
513 1209 651 1282 Princeps
672 1215 702 1266 et
722 1209 845 1266 Domine
867 1207 988 1266 Domine
1010 1207 1255 1268 clementissime!

293 1315 412 1374 Absolvi
431 1330 485 1386 per
506 1313 560 1372 Dei
580 1315 703 1386 gratiam
733 1318 801 1372 ante
832 1313 943 1386 aliquot
970 1311 1032 1370 dies
1053 1328 1149 1370 meum
1170 1315 1306 1386 scriptum
1323 1313 1349 1372 de

213 1420 354 1493 colloquio
376 1419 517 1477 interme
538 1424 569 1477 et
588 1419 716 1490 legatum
736 1416 900 1476 antichristi
919 1415 1019 1475 habito
1031 1416 1049 1475 ¹.
1098 1417 1164 1477 Non
1185 1417 1249 1476 misi
1271 1424 1348 1489 antea,

212 1525 280 1600 quia
300 1523 451 1596 sperabam
470 1539 516 1581 me
537 1523 701 1582 allaturum.
743 1519 814 1580 Cum
842 1537 910 1580 vero
937 1519 1048 1594 aliquot
1078 1539 1135 1580 non
1163 1523 1244 1583 leves
1272 1539 1349 1584 causa

213 1646 257 1687 me
280 1627 466 1700 detinuerint,
488 1626 650 1684 consultum
671 1625 778 1698 putavi,
800 1625 824 1682 si
846 1625 999 1698 mitterem,
1020 1631 1054 1684 nt
1073 1627 1166 1685 mitto.

291 1732 486 1804 illustrissime
507 1730 659 1802 Princeps!
691 1746 784 1803 spero,
806 1747 851 1788 me
873 1732 989 1790 mittere
1011 1748 1073 1789 rem
1099 1735 1196 1806 magni
1217 1735 1348 1792 momenti.

215 1813 352 1912 Supplico
373 1843 470 1896 autem
492 1841 579 1909 atque
601 1835 720 1894 obsecro
742 1834 952 1894 Celsitudinem
973 1835 1115 1910 Vestram,
1136 1844 1169 1896 nt
1190 1844 1301 1898 attente
1317 1839 1348 1895 le·

214 1951 278 2017 gat,
310 1942 378 2002 dum
399 1942 512 2000 veniam
534 1939 610 2016 (sum
631 1939 706 1997 enim
733 1940 791 1998 cito
812 1945 963 2012 venturuS,
995 1941 1083 2000 credo
1111 1944 1164 2001 hac
1192 1941 1348 2017 septimana)

212 2065 307 2124 sparo,
328 2064 373 2106 me
394 2047 501 2106 dixisse
522 2045 628 2120 legato,
649 2063 714 2118 qnae
734 2046 883 2104 verissima
904 2054 979 2106 suut.

291 2153 380 2212 Aliud
400 2153 494 2212 habeo
514 2168 574 2224 prae
594 2151 727 2210 manibus
753 2158 972 2226 argumentum,
1005 2152 1082 2226 quod
1110 2151 1174 2211 fere
1200 2154 1278 2212 idem
1301 2161 1348 2212 est:

211 2260 344 2318 intellexi
365 2257 441 2317 enim
463 2273 500 2315 ex
515 2258 672 2316 multorum
683 2257 798 2331 litteris,
819 2259 932 2332 aliquot
952 2257 1072 2317 laudare
1093 2257 1233 2332 initalia,
1253 2259 1348 2332 aliquot
1407 2331 1408 2340 ἵ

213 2381 281 2424 vero
310 2380 367 2422 nun
394 2379 485 2436 nsque
518 2364 611 2436 adeo,
643 2363 720 2437 quod
744 2363 930 2423 illustrissimi
960 2363 1105 2437 principes
1132 2364 1191 2422 tale
1219 2363 1347 2433 dederint
1407 2357 1408 2400 l

211 2470 296 2546 quale
317 2469 462 2528 dederunt
481 2469 584 2542 legatis
599 2469 686 2542 Papae
707 2473 884 2543 responsum,
907 2476 937 2528 et
958 2485 1015 2528 non
1036 2470 1236 2528 consenserint
1253 2472 1282 2528 iu
1294 2484 1348 2526 con-

211 2577 317 2636 cilium.
358 2575 421 2649 Ego
439 2575 552 2647 suscepi
574 2573 771 2634 defendendas
790 2575 1002 2634 illustrissimus
1023 2574 1220 2633 Celsitudines
1236 2575 1347 2632 Vestras.
1406 2631 1407 2634 ,

210 2678 331 2742 italice¹
351 2680 483 2755 quidem,
510 2679 561 2739 sed
583 2680 680 2738 statim
700 2685 866 2738 convertam
886 2679 916 2736 in
936 2678 1086 2748 Latinum,
1114 2683 1147 2734 ut
1169 2676 1273 2736 Vestra
1291 2675 1348 2734 Illu-

211 2785 351 2845 strissima
371 2784 520 2844 Celsitudo
541 2786 632 2859 possit
649 2785 790 2858 judicium
810 2783 905 2852 ferre,
931 2801 1000 2841 num
1020 2784 1094 2841 bene
1116 2783 1289 2856 susceperim
1308 2780 1347 2838 de·
1405 2843 1406 2854 ἶ

211 2889 388 2962 fendendas‚
415 2889 553 2949 submitto
574 2893 650 2950 enim
671 2907 735 2948 men
754 2889 879 2950 libenter
895 2890 1024 2963 jndicio,
1043 2892 1209 2972 ¹antequam
1230 2889 1346 2947 edantur.

291 2994 372 3054 Fieri
392 3001 496 3068 potest,
517 2995 599 3053 utin
619 2996 681 3064 hoc,
703 2995 779 3068 quod
799 2997 893 3068 mitto,
914 2994 1066 3068 colloquio,
1088 2993 1198 3068 aliquid
1219 2997 1265 3064 sit,
1283 2990 1347 3066 quod

213 3096 343 3157 fortassis
364 3097 568 3171 corrigendum
587 3097 633 3170 sit,
655 3099 679 3156 si
700 3098 769 3170 qnid
790 3099 855 3170 erit,
877 3097 1074 3157 illustrissima
1096 3099 1248 3158 Oelsitudo
1258 3099 1348 3156 Vestra
1404 3143 1405 3146 ,

212 3201 378 3275 dignabitur
397 3221 443 3285 me
464 3219 592 3262 monere.
1128 3185 1130 3189 ¹
1404 3187 1405 3224 i

278 3309 393 3369 ¹Habeo
421 3326 458 3368 ex
478 3309 596 3371 Prussia
626 3311 741 3384 litteras
763 3317 792 3369 ct
811 3311 942 3383 quaedam
963 3311 1169 3372 illustrissima
1190 3307 1347 3371 eelsitudini

210 3414 324 3473 Vestrae
345 3415 587 3488 communicanda,
609 3416 655 3474 cui
668 3433 714 3474 me
732 3422 902 3476 reverenter
917 3416 1092 3476 commendo.
1124 3416 1257 3476 Goelestis
1270 3416 1347 3474 Pater
1403 3395 1404 3410 ³

210 3525 317 3591 augeat
342 3518 385 3578 illi
414 3535 480 3578 suos
506 3519 617 3578 divinos
638 3521 803 3593 thesauros,
832 3523 962 3594 spiritum
989 3529 1019 3580 et
1038 3520 1124 3580 fidem
1144 3539 1198 3593 per
1219 3522 1347 3581 Christum

210 3623 356 3683 dominum
381 3631 518 3683 nostrum.

289 3738 396 3797 Datum
417 3737 556 3811 Tubingee
577 3738 624 3796 die
646 3741 663 3795 6
684 3737 756 3797 Julii
776 3756 851 3798 anno
877 3741 959 3798 1561.

367 3843 572 3902 illustrissimae
597 3843 784 3903 celsitudinis
806 3843 916 3903 Vestra
937 3845 1206 3907 observantissimus

1116 3953 1273 4026 Vergerius.

776 4055 791 4087 ›l‹

335 4198 341 4210 .
395 4174 447 4209 .n.
488 4156 528 4209 l‘.
602 4195 608 4208 .

280 4157 296 4297 i
315 4155 482 4298 isleirntitel:l
501 4157 538 4297 lie
549 4157 694 4314 lpiioposte
718 4244 747 4298 di
773 4245 828 4300 due
854 4247 949 4301 nuncii
974 4247 1019 4302 del
1038 4248 1116 4320 Papa
1135 4249 1206 4304 fatte
1222 4246 1249 4304 in
1265 4243 1341 4298 Num-

209 4330 300 4401 bnrgo
318 4332 370 4386 eto.
400 4331 496 4398 Serap.
514 4347 535 4383 s.
554 4330 596 4383 92.
615 4349 642 4384 n.
664 4332 722 4388 101.
751 4331 796 4387 Sie
814 4333 852 4387 ist
869 4333 932 4390 dem
952 4335 1051 4404 grafan
1069 4335 1160 4392 Julius
1178 4352 1230 4391 von
1246 4330 1339 4388 i'hiene

209 4417 370 4487 gewidmet.
