2862 5080
760 347 823 406 390
1296 339 1353 396 1⁵5³

217 515 276 575 Οιο
296 520 409 589 petrem
430 515 537 574 domini
559 515 648 573 nostri
670 515 741 574 iesu
763 513 880 579 Christi,
901 521 935 574 nt
955 514 1048 572 eidem
1064 505 1244 574 “celsitudini
1257 515 1354 575 vestre

216 619 422 680 illustrissimus
443 625 549 696 augent
569 635 634 677 suos
655 617 767 677 divinos
788 619 957 686 thesauros,
984 617 1119 690 spiritum
1146 623 1176 676 et
1203 617 1288 679 fidem
1311 635 1354 693 per

106 733 108 738 '
217 721 341 782 eundem
361 721 505 786 Christum
528 723 673 780 domiuum
696 730 834 781 nostrum.
875 723 978 788 Amen.

296 825 433 898 Tubiugae
449 829 486 888 29
498 826 544 887 die
557 826 627 884 Maii
641 843 716 886 enno
730 833 896 886 restaurate
911 825 1028 885 humaui
1040 829 1155 899 generis
1170 829 1263 888 salute
1281 831 1353 888 1563.

559 929 746 991 Celsitudinis
766 931 880 990 Vestrae
900 931 1024 990 servitor

1121 1037 1182 1094 Ver
1201 1037 1286 1094 erius.

291 1135 396 1194 Hiuten
414 1153 469 1192 von
488 1137 536 1197 des
555 1137 671 1208 herzogs
689 1137 783 1194 heud:
821 1136 952 1193 »Bedurff
968 1136 1087 1193 kheiner
1104 1053 1287 1193 eeacgr-ortt«

762 1314 826 1372 184.

502 1433 647 1522 'Verger
670 1457 712 1500 on
735 1434 853 1521 herzog
878 1434 1064 1521 Chrisioph.

512 1565 636 1626 eunoun
655 1567 693 1624 nn
715 1567 825 1627 vertitu
848 1571 882 1626 rs
904 1558 973 1628 Juni
996 1570 1080 1626 rece.
1184 1541 1188 1548 ’

291 1682 444 1747 Berichtet‚
463 1684 519 1744 unt
538 1703 568 1741 er
587 1688 658 1742 nach
671 1687 789 1743 Sondrio
808 1689 914 1760 gereist
931 1689 979 1752 sei,
999 1708 1045 1743 um
1059 1690 1104 1744 die
1118 1689 1206 1744 heder
1217 1689 1246 1744 in
1256 1688 1356 1743 Bonnio

224 1796 256 1830 zu
276 1778 461 1848 gebrauchen.
492 1781 683 1838 Nuchrichien
703 1783 771 1838 iiber
789 1785 835 1838 die
854 1784 1036 1840 reformation
1054 1785 1084 1839 iu
1104 1785 1234 1854 Venedig
1252 1784 1306 1838 und
1322 1783 1355 1837 im

222 1874 337 1928 veltlin.

297 1972 492 2034 illustrissime
514 1975 651 2048 Princeps
672 1981 702 2034 et
720 1977 843 2035 Domine
863 1976 986 2034 Domine
1008 1975 1251 2037 Clementissime!

297 2075 407 2136 Eodem
429 2079 484 2152 die,
506 2096 562 2154 quo
583 2096 663 2139 meus
684 2097 773 2154 nepos
793 2083 822 2139 in
837 2081 985 2138 Prussiom
1005 2081 1137 2140 discessit
1150 2081 1168 2153 ¹,
1189 2098 1242 2156 per
1256 2082 1356 2141 Vestre

222 2178 408 2242 celsitudinis
429 2182 629 2253 clementiam,
652 2201 705 2256 ego
727 2201 882 2244 conscenso
903 2202 991 2244 curru
1012 2185 1151 2257 Tigurnm
1172 2185 1257 2244 adivi.
1290 2185 1357 2244 Gou-

218 2283 325 2344 sultato
345 2293 442 2344 eutem
463 2303 494 2344 re
516 2304 579 2345 mon
599 2305 664 2346 cum
685 2289 782 2346 multis
802 2287 884 2347 bouis
905 2295 935 2348 et
955 2290 1133 2362 sapientibus
1148 2287 1292 2361 fratribus,
1311 2289 1355 2347 de

219 2386 355 2447 beremne
383 2405 428 2450 me
449 2389 629 2452 Badensibus
650 2390 792 2450 thermis¹
813 2394 992 2452 committere
1014 2410 1050 2451 on
1078 2411 1145 2466 uon,
1175 2395 1242 2464 vidi,
1266 2411 1356 2453 eorum

219 2494 368 2552 consilium
388 2510 461 2565 esse,
483 2500 515 2552 ut
534 2494 719 2554 abstinerem.
748 2496 813 2554 Non
822 2497 903 2572 ,quod
918 2513 975 2555 non
988 2496 1147 2570 probarent
1167 2499 1223 2556 vim
1242 2499 1356 2558 therme·

220 2613 299 2665 rum,
331 2599 382 2656 sed
411 2599 487 2672 quod
515 2606 693 2672 metuerent,
726 2615 761 2658 nc
791 2600 859 2674 quid
887 2601 1059 2660 incommodi
1079 2601 1148 2660 mihi
1168 2603 1306 2662 accideret
1326 2601 1355 2660 eh

220 2703 409 2780 antichristo,
441 2704 489 2778 qui
510 2721 590 2765 suum
611 2703 672 2762 illic
698 2703 787 2794 trahet
812 2704 973 2777 imperium.
1014 2705 1109 2777 Quone
1137 2723 1201 2768 cum
1229 2707 1355 2776 audirem,

221 2807 415 2866 commendari
437 2806 563 2868 thermas
584 2808 791 2876 Bormntiunas‚
813 2825 877 2882 quse
899 2810 1015 2868 suntin
1039 2809 1239 2882 Valletellinn,
1265 2809 1356 2868 vellen

221 2911 347 2982 experiri
366 2912 433 2972 illes
454 2929 580 2985 quoque,
602 2912 642 2970 sic
664 2913 726 2971 Deo
748 2913 887 2972 suadente
907 2915 938 2970 in
959 2914 1202 2973 Vallemtellinam
1225 2917 1296 2986 veni,
1315 2913 1356 2972 ubi

222 3033 278 3076 non
300 3017 404 3074 desunt
425 3015 522 3086 amici,
551 3033 722 3090 quemquem
742 3017 901 3076 adversarii
922 3035 1035 3092 quoque
1063 3020 1092 3076 in
1113 3035 1201 3078 ceusu
1222 3019 1356 3092 religionis

221 3137 277 3178 non
298 3119 401 3178 desint.
443 3119 584 3179 Constitui
612 3125 717 3191 autem,
746 3119 841 3179 fucere
863 3131 1039 3193 postremum
1064 3124 1222 3194 periculum
1249 3131 1278 3182 et
1295 3125 1355 3182 Bor·

220 3223 362 3282 mationos
381 3205 458 3298 ipsas
478 3225 612 3283 invisere.
654 3225 745 3296 AJunt
765 3225 884 3297 medici,
905 3223 1077 3286 fortissimos
1098 3243 1161 3286 esse
1184 3234 1215 3285 et
1234 3229 1301 3288 sotis
1318 3226 1354 3284 iu·

222 3333 331 3398 turum,
363 3329 386 3385 si
408 3328 500 3386 tribus
521 3333 630 3386 tuntum
652 3329 819 3402 septimanis
839 3329 953 3399 lavero,
983 3331 1059 3404 quod
1079 3329 1183 3390 faciem
1204 3335 1234 3390 in
1254 3335 1354 3390 nomine

220 3431 346 3490 Domini.
387 3431 479 3503 Spero·
499 3439 605 3504 eutem,
627 3451 671 3490 me
692 3431 790 3492 futuro
811 3451 908 3493 mense
929 3437 958 3492 in
986 3437 1119 3496 ducatum
1141 3438 1309 3506 rediturum,
1335 3435 1354 3492 si

219 3535 299 3594 Deus
320 3534 452 3594 voluerit.
484 3535 570 3595 Volui
590 3542 687 3594 eutem
707 3537 912 3598 illustrissimae
930 3537 1100 3598 celsitudini
1110 3541 1233 3613 Vestrae,
1253 3541 1354 3600 domiuo

220 3657 282 3700 meo
295 3641 526 3708 clementissimo,
548 3640 718 3714 siguificare,
740 3649 773 3699 ut
787 3641 882 3714 debui,
903 3642 952 3701 ubi
973 3643 1036 3702 sim.
1047 3649 1077 3702 et
1090 3661 1136 3702 mc
1150 3653 1280 3718 peratum
1292 3659 1353 3711 esse,

220 3743 360 3803 accedere
382 3750 411 3802 et
432 3743 538 3814 facere,
560 3763 623 3820 quoe
644 3746 841 3816 mandaverit,
869 3747 893 3805 si
913 3749 1004 3808 unicis
1024 3749 1163 3808 litterulis
1184 3749 1353 3816 admouehor,

220 3865 284 3924 quse
306 3857 390 3908 erunt
410 3850 559 3909 mittendae
581 3850 695 3909 (iuriam
715 3851 883 3912 Rhaetorum
912 3852 949 3910 ad
975 3853 1230 3928 burgimegistrum
1252 3854 1276 3912 d.
1295 3853 1352 3910 Am·

219 3954 346 4013 brosium
367 3955 456 4012 Morti
469 3954 494 4024 ⁸,
515 3956 564 4028 qui
585 3957 650 4014 iilos
670 3955 817 4026 Bormium
838 3955 874 4015 ud
896 3956 1023 4016 thermus
1043 3958 1155 4024 mittet,
1174 3957 1259 4032 'quod
1278 3953 1350 4014 focile

219 4062 337 4134 poterit.

291 4209 304 4262 1
325 4207 351 4262 S.
370 4225 398 4260 ιι.
420 4205 478 4262 183.
869 4277 871 4281 v

289 4295 305 4349 2
326 4294 399 4380 82¹²·
421 4295 479 4350 183.
516 4295 611 4350 Baden
629 4294 667 4350 im
687 4297 809 4365 dargan.

278 4384 306 4444 ·3
325 4382 381 4438 Des
399 4399 458 4440 war
476 4382 535 4442 sein
555 4380 765 4456 gowdhnlicher
783 4381 958 4454 grentimenti,
976 4399 997 4436 ι.
1016 4399 1044 4436 ιι.
1065 4384 1123 4438 155.

787 4145 803 4178 ff
