2830 5072
77 387 131 446 1561

137 562 320 636 singulariter
340 563 423 624 uobis
444 563 568 624 dilecte!

135 667 244 728 Vestras
263 669 378 728 litterae
399 685 458 728 uua*
475 685 540 728 eum
556 668 667 742 aliquot
679 667 794 742 scupus
807 665 913 726 libellis
932 665 969 726 de
989 683 1073 741 pepo,
1095 667 1131 728 de
1152 671 1195 729 in·

69 773 176 834 dictione
202 773 316 834 concilii
337 780 367 834 et
388 775 424 834 de
446 774 511 833 aliis
531 773 619 832 rebus
639 774 801 846 decepimus
822 777 852 832 et
872 777 1010 846 quantum
1032 771 1114 833 uobis
1135 791 1195 848 prae

66 880 228 950 ,negotiorum
247 880 322 940 mole
336 881 427 952 licuit,
447 879 578 954 legimus.
610 877 834 954 significandum
849 877 940 950 igitur
953 877 1033 938 vebis
1054 878 1195 950 duximus,

69 983 130 1056 quod
150 983 290 1045 electores
311 990 340 1044 et
360 980 505 1058 principes
532 986 562 1044 in
591 984 635 1042 bis
662 982 769 1042 nostris
793 981 916 1043 comitiis
944 989 1055 1044 eertum
1081 987 1195 1056 tempus

70 1088 256 1162 constituerint,
278 1106 335 1164 quo
356 1089 470 1151 missuri
490 1093 558 1148 sunt
578 1089 691 1161 legatos
713 1103 780 1146 suos
800 1087 837 1146 ad
865 1093 975 1146 certum
1001 1088 1113 1160 locum,
1145 1089 1194 1163 qui

67 1194 151 1260 omnia,
171 1210 233 1267 quae
255 1195 314 1252 sint
334 1195 371 1252 de
395 1194 515 1254 nonullo
536 1190 684 1266 pontificio
705 1192 827 1266 agenda,
847 1192 1056 1252 communicato
1076 1193 1194 1254 consilio

64 1297 126 1356 ieter
144 1314 172 1356 se
193 1298 366 1358 deliberent.
407 1299 446 1359 Et
465 1299 644 1358 monebimus
667 1303 796 1370 lucetius,
817 1313 888 1370 ques
909 1313 944 1356 eo
965 1297 1125 1372 ablegaturi
1147 1315 1193 1358 su·

65 1417 122 1472 nus,
141 1403 214 1476 quod
235 1421 289 1462 nos
310 1404 363 1463 hac
385 1404 413 1461 iu
435 1419 467 1462 re
489 1402 652 1463 iaciendum
673 1419 850 1462 censeamus.
884 1401 979 1474 Quare
1001 1419 1058 1461 non
1080 1403 1194 1464 uidetur
1251 1436 1254 1442 ·

62 1508 213 1580 consultum,
235 1516 270 1567 ut
287 1512 400 1569 interea
413 1510 550 1584 temporis
571 1524 606 1566 ea
627 1509 743 1582 scripta,
766 1525 830 1581 qum
851 1505 932 1566 nobis
951 1505 1078 1580 misistis,
1099 1507 1128 1566 in
1150 1509 1192 1567 lu·

63 1627 111 1668 een
137 1613 273 1696 edentum,
318 1615 469 1674 Venerunt
500 1613 587 1673 etiam
617 1613 654 1672 ad
685 1619 784 1672 nostra
812 1612 929 1672 comitia
955 1613 1044 1686 legati
1071 1613 1194 1673 Romani

61 1717 185 1788 pontificis
206 1721 242 1779 N.
264 1721 301 1780 N.
322 1723 372 1796 qui
399 1722 561 1794 petierunt,
593 1725 624 1778 ut
651 1719 879 1780 consentiremus
898 1720 928 1776 in
949 1719 1194 1778 continuationem

63 1824 159 1882 concilii
179 1825 351 1884 Tridentini.
389 1825 463 1898 Quid
484 1831 581 1884 autem
603 1826 641 1884 sit
662 1827 688 1882 ei
710 1841 767 1884 uno
788 1824 946 1884 electorum
968 1829 998 1882 et
1017 1823 1194 1897 reliquorum

60 1927 201 2002 pducipum
224 1947 276 1989 ore
297 1947 485 2006 responsum,
518 1931 699 2004 cognoscetis
725 1948 761 1989 ex
786 1933 886 2004 eopia,
918 1946 1001 2003 quem
1021 1929 1066 1987 his
1087 1929 1193 1988 litteris

59 2016 171 2092 ¹additam
194 2037 230 2095 ad
253 2051 304 2094 vos
324 2035 473 2095 mittimus.
505 2033 576 2094 Cum
596 2035 684 2108 igitur
705 2051 761 2093 nou
783 2034 874 2094 solum
889 2031 1020 2108 pontifex
1036 2033 1191 2106 Romanus,

60 2140 253 2200 verumetiam
275 2139 380 2215 reliqui
401 2141 530 2199 homiues
550 2139 714 2212 intelligent
736 2156 771 2198 ex
799 2155 834 2198 ec
860 2154 1018 2214 responso,
1049 2137 1126 2210 quod
1155 2138 1192 2196 de

56 2241 112 2314 ipsis
131 2245 175 2303 vel
196 2245 339 2318 primatu,
368 2247 412 2303 vel
440 2245 561 2304 coneilio
590 2244 719 2318 adeoque
748 2243 783 2302 de
804 2249 866 2304 totu
888 2247 963 2302 statu
984 2247 1106 2316 papatus
1126 2257 1191 2300 sen·

56 2346 152 2420 tiernus,
173 2365 384 2422 supervacuum
404 2349 575 2423 judicamus,
598 2350 655 2408 alia
676 2348 845 2424 sonipede
868 2347 970 2423 quibus
990 2363 1048 2406 non
1062 2347 1191 2406 confine-

55 2456 93 2509 tur
110 2452 222 2526 integra
243 2453 366 2527 alicujus
387 2454 545 2514 necessarii
566 2455 709 2527 dogmatis
730 2452 895 2529 cunctatim)
921 2453 977 2512 lroe
1004 2457 1133 2524 tempore
1155 2453 1191 2511 de

55 2541 100 2614 isto
118 2560 283 2632 argumenti
303 2575 410 2632 genere
432 2575 577 2632 spargere,
599 2560 759 2632 praesertim
780 2575 844 2618 eum
865 2564 894 2616 et
915 2559 1005 2616 inulta
1022 2557 1066 2615 his
1089 2557 1192 2616 similia

53 2668 126 2721 autea
146 2669 264 2722 exstent
285 2664 363 2722 etin
385 2663 435 2722 his
451 2665 556 2722 uostris
578 2663 700 2722 comitiis
721 2669 836 2723 cautum
856 2663 902 2732 sit,
924 2679 959 2721 ne
981 2661 1051 2736 quid
1071 2663 1190 2735 scripto·

53 2783 104 2824 rum
124 2771 150 2826 in
171 2769 269 2828 lucem
291 2767 404 2834 edatur,
426 2769 503 2843 quud
524 2785 580 2827 tion
602 2769 639 2828 sit
659 2770 739 2842 prius
760 2769 796 2827 ab
813 2768 968 2827 ordinariis
988 2767 1190 2827 examinatori-

51 2871 94 2930 bus
113 2875 196 2951 (quos
218 2892 272 2933 nos
293 2875 431 2934 haetenus
460 2874 586 2934 noudum
616 2874 804 2950 instituimus)
835 2873 990 2949 diligenter
1017 2889 1190 2947 perpensum

52 2983 75 3034 et
91 2979 280 3054 approbatum
290 2979 307 3038 ¹.

116 3087 185 3160 Quae
208 3105 227 3145 a
249 3088 354 3146 uostris
381 3085 581 3144 commissariis
606 3087 752 3145 intervos
774 3081 1020 3144 etSealiehium¹
1044 3089 1191 3145 transacta

50 3197 111 3264 sunt,
132 3192 257 3265 legimus
280 3196 309 3249 et
322 3190 484 3264 probamus.
517 3191 587 3262 Quae
608 3196 704 3250 autem
725 3208 775 3250 vos
795 3192 824 3248 iu
846 3193 997 3262 postremis
1018 3192 1121 3250 vestris
1142 3189 1190 3249 lit-

110 3408 200 3461 litui
217 3405 273 3462 deri
299 3407 457 3478 fiirsdentag
482 3425 536 3461 ven
557 3407 722 3478 Naumburg
749 3425 841 3461 waren
865 3408 911 3464 die
936 3407 1116 3480 plipstlieheu
1141 3427 1189 3480 ge·

49 3495 157 3550 saudten
177 3495 328 3551 Zachariae
346 3495 467 3558 Delfine,
496 3493 605 3550 bischof
628 3511 684 3550 uon
708 3495 809 3550 Lasine
837 3496 895 3550 und
913 3495 975 3550 Joh.
994 3497 1090 3551 Franz.
1109 3497 1189 3552 Conr-

47 3582 186 3646 meudoue‚
216 3581 329 3637 bieehof
344 3599 399 3636 ven
418 3583 517 3647 Zaude‚
547 3583 706 3638 ersohienen
736 3585 794 3638 und
813 3585 828 3636 7
848 3583 973 3639 Februar
992 3603 1053 3640 eum
1073 3588 1189 3657 verbrag

48 3668 221 3736 gekommen3
249 3671 295 3726 die
321 3670 427 3726 fiirsten
453 3670 623 3727 besehlosseu
652 3673 702 3728 das
727 3672 885 3743 pdpsiliehe
903 3671 988 3728 breve
1006 3672 1087 3729 nicht
1104 3691 1188 3730 aneu·-

46 3754 168 3823 uehmen;
189 3758 238 3812 die
256 3757 423 3813 flirsiliehen
443 3759 523 3814 riithe
542 3760 635 3830 geben
653 3759 737 3815 ihuen
753 3777 795 3814 am
811 3761 963 3816 5Februau
981 3761 1044 3816 eine
1062 3761 1188 3818 ausfdhr-

45 3839 136 3898 dehere
155 3845 338 3900 ablehnende
358 3847 487 3902 andwort.
526 3847 576 3902 Die
595 3846 656 3902 hier
674 3848 702 3902 iu
722 3848 846 3916 aussiebd
865 3849 1000 3918 gestellie.
1016 3867 1188 3904 zusammen·

46 3925 118 3983 kunde
147 3933 400 4002 protestantiseher
432 3929 626 4003 ebgesaudten
656 3953 703 3988 zur
729 3935 907 4006 endgiltigen
934 3937 1071 4008 regelung
1097 3937 1188 3993 dieser

44 4013 200 4087 fregeram
221 4019 301 4090 April
324 4024 389 4078 1561
410 4021 439 4076 in
456 4021 554 4076 'Erfuri
576 4041 607 4075 eu
627 4023 738 4088 stende,
765 4039 806 4078 wo
833 4023 894 4078 eine
913 4021 1188 4078 rekusabieussehriid

44 4117 126 4172 gagen
147 4107 199 4161 das
226 4109 390 4178 papstthum
419 4109 577 4182 eufgesedzt
605 4109 713 4174 warde,
742 4111 848 4166 welehe
872 4110 1002 4166 indessen
1026 4109 1106 4165 nieht
1130 4110 1187 4166 alle

43 4193 235 4261 evangelisehe
253 4193 363 4250 fiiusten
389 4197 599 4260 anerkaunben,
631 4214 650 4250 s.
671 4195 761 4252 Stelin
782 4197 828 4261 IV,
852 4199 910 4253 588.
929 4198 988 4252 591.
1026 4197 1133 4267 Kugler
1151 4197 1186 4262 11,
1229 4233 1234 4240 -

43 4273 94 4330 230.
118 4279 179 4336 239.
219 4280 326 4338 Sediler
344 4284 396 4347 IV,
424 4283 490 4338 beil.
520 4301 539 4338 s.
563 4284 620 4338 166.
649 4285 690 4339 br.
719 4303 746 4340 11.
767 4286 823 4342 112.
861 4274 937 4344 liber
962 4285 1069 4343 Delfino
1096 4303 1116 4338 s.
1145 4285 1186 4340 br.

43 4368 224 4424 n125.180.
284 4389 285 4392 ¹

106 4455 232 4512 esur.
251 4477 275 4512 n.
295 4461 336 4514 64.
356 4461 397 4516 94.
