2852 5076
62 368 122 424 1555
609 371 649 433 93

56 540 133 599 bonor
153 557 212 598 nnn
231 539 345 598 tentum
365 555 402 598 ex
421 535 526 598 inbnlis
551 537 701 614 Gregorii,
728 539 780 600 ills
800 539 921 610 scilieet,
942 555 997 612 qun
1017 537 1136 599 inerunt
1156 539 1200 600 in·

58 644 162 702 stitntae
183 643 270 701 XXX
290 643 384 700 missoe
405 642 593 716 Gregorisonn
621 659 673 717 pro
695 642 868 702 liberatione
896 644 1056 702 animarum
1078 659 1113 703 ex
1133 661 1200 718 pnr-

57 749 164 822 gntorio
178 747 201 819 ¹3
222 747 251 806 io
272 747 329 806 elio
350 751 413 806 eron
432 746 580 820 desoripis
600 747 721 804 motatio
743 746 825 817 regni
841 744 964 819 buglis,
986 751 1016 804 et
1038 763 1095 820 qno
1115 745 1200 806 modo

58 853 82 909 in
100 871 134 912 es
154 869 187 910 se
207 852 346 924 gessisset
365 850 519 910 nordinslis
539 849 627 908 Polns
648 847 741 924 (enine
761 848 926 921 exemplum
945 849 1058 910 seilicet
1077 850 1115 909 nd
1135 850 1202 910 Gel-

61 957 208 1016 siindinem
228 956 361 1015 Vesbrnm
382 968 475 1026 nuper
495 951 583 1027 misi),
604 952 633 1010 in
654 951 743 1010 tertio
763 949 914 1010 monebam
936 951 1017 1010 illnm
1037 953 1129 1024 ipsum
1148 952 1201 1010 mi·

64 1064 191 1133 nistrom,
219 1077 275 1134 qne
302 1065 387 1134 porto
412 1057 572 1132 procedere
593 1055 716 1116 deberet
736 1055 764 1114 in
786 1057 904 1129 negorio
926 1056 1067 1114 versionis
1091 1057 1120 1114 in
1147 1056 1201 1114 lin·

61 1183 135 1239 gnam
157 1165 320 1235 Slnrionm,
350 1168 383 1224 nt
411 1164 523 1222 scilieet
542 1161 662 1222 Mor-tini
683 1161 805 1220 Lutheri
832 1159 994 1221 versionem
1021 1167 1202 1235 sequeretur,

62 1271 146 1330 donee
166 1268 349 1330 oonieremns
369 1285 433 1328 enm
454 1267 519 1328 eliis
539 1267 734 1338 versionibus,
756 1267 827 1326 item
846 1265 1013 1339 monebam,
1041 1267 1074 1324 ni
1094 1281 1131 1324 ex
1150 1265 1201 1324 do·

60 1377 139 1434 minio
158 1375 251 1448 ipsius
270 1372 348 1447 regis
368 1373 441 1433 dnos
461 1373 533 1432 olins
554 1373 685 1446 ejusdem
705 1371 811 1445 lingum
826 1371 937 1446 peritos
950 1369 988 1430 nd
1002 1387 1048 1430 me
1063 1372 1201 1444 mitteret,

60 1487 198 1552 postremo
219 1485 251 1538 nt
272 1477 408 1551 qnosdnm
429 1493 509 1537 meos
530 1477 619 1536 libros
638 1476 669 1536 in
689 1477 812 1550 petriam
833 1491 940 1548 meam,
961 1481 1049 1548 sique
1069 1477 1104 1534 nb
1124 1482 1201 1535 esset

60 1583 206 1651 constans,
236 1580 365 1655 nihilque
391 1580 511 1640 timeret
537 1578 691 1638 serviendo
712 1577 836 1638 Christo.
878 1577 954 1653 Quin
980 1595 1049 1638 vero
1075 1579 1201 1641 nonme?

61 1687 143 1748 bonus
163 1693 264 1762 postor
283 1685 522 1760 Csmpidunensis
548 1683 677 1757 perdidit
702 1685 733 1744 in
758 1683 804 1744 vin
833 1683 883 1744 ills
901 1685 961 1744 bris
981 1685 1097 1758 scripte.
1138 1686 1201 1758 Qno

61 1797 150 1850 entem
164 1788 383 1865 pervenerunt?
411 1789 521 1849 Andist
535 1788 641 1848 Vestro
657 1787 806 1848 celsitudo
826 1805 888 1848 rem
908 1791 1024 1850 mirem:
1044 1789 1082 1849 sd
1101 1804 1202 1850 monos

66 1898 136 1969 regis
155 1895 260 1968 ipsine,
291 1895 341 1968 qni
361 1909 397 1954 en
416 1893 488 1969 legit
508 1911 572 1953 enm
592 1895 651 1954 sois
671 1893 855 1964 consiliariis3
883 1895 915 1952 eb
939 1893 1070 1968 proiecto
1096 1893 1151 1954 init
1170 1895 1201 1956 id

63 2000 206 2060 eonsilium
220 2001 285 2073 Dei,
306 2002 340 2058 nb
359 2016 397 2058 ex
415 2007 474 2059 tom
494 1999 591 2058 mnliis
611 1997 770 2060 rioioribns
790 1998 840 2058 ille
860 1999 1038 2072 potissimum
1058 1997 1203 2058 invenerit

64 2119 121 2163 men
139 2105 262 2177 scripta,
283 2102 334 2177 qui
354 2103 391 2164 od
412 2104 475 2176 ejus
496 2104 676 2178 majestatem
696 2101 843 2178 perierem
871 2119 961 2178 quere
982 2121 1039 2163 non
1058 2109 1104 2162 est
1123 2103 1200 2179 qnod

64 2224 134 2280 segre
154 2207 244 2267 ierom
264 2207 507 2279 zorconensem
535 2207 668 2267 volontas
689 2205 764 2266 enim
785 2207 902 2266 Domini
928 2206 969 2267 sie
994 2205 1064 2280 inim
1095 2207 1201 2266 nollem

62 2312 171 2385 quidem
189 2313 357 2389 pervenisse
376 2313 553 2385 memoriale,
575 2313 627 2372 sed
647 2313 717 2386 qnid
738 2312 844 2386 egem?
872 2329 936 2372 men
955 2312 1039 2387 onlps
1059 2327 1116 2371 noo
1136 2310 1200 2372 init.

62 2417 142 2476 liiiio
168 2418 333 2492 exemplum
360 2418 510 2492 utriusque
536 2417 614 2477 illins
642 2419 761 2490 scripti,
792 2417 869 2492 qnod
891 2419 954 2490 ipse
977 2433 1030 2478 rex
1051 2418 1140 2490 legii,
1171 2417 1199 2476 d.

64 2518 157 2580 doctor
175 2519 264 2580 Fabri
285 2520 390 2592 hospes
409 2537 490 2580 mens
505 2525 633 2580 verteret
655 2521 685 2580 in
705 2522 908 2595 germanicum,
929 2520 966 2581 id·
980 2521 1126 2583 seiendnm
1147 2527 1199 2594 esi,

65 2622 91 2682 in
103 2622 161 2684 line
182 2625 246 2696 ejus
265 2625 374 2698 scripti,
395 2623 445 2682 nbi
466 2624 502 2683 de
515 2625 620 2698 Anglin
640 2625 751 2698 loquor,
772 2625 901 2685 additum
914 2625 1002 2686 inisse
1023 2643 1099 2687 nme
1114 2643 1199 2686 onem

68 2730 220 2804 clnosnlsm,
242 2746 327 2803 quem
347 2729 432 2804 cupio
451 2730 511 2803 legi
530 2745 549 2788 n
568 2729 673 2789 Veslrn
693 2729 882 2790 Celsitndine.

134 2835 163 2894 Si
183 2853 200 2894 n
221 2851 268 2893 me
289 2841 409 2908 qnaernt,
430 2835 507 2895 unde
528 2835 658 2896 sciverim
676 2835 782 2910 scripto
795 2851 859 2894 rnen
871 2835 909 2894 sd
922 2851 1001 2894 snam
1016 2839 1198 2908 majestatem

67 2942 228 3010 pervenisse,
249 2939 358 2999 dinem:
383 2939 519 3001 Minister
539 2939 776 3018 campidunensis
796 2941 912 3014 scribit,
937 2957 968 3000 se
989 2939 1148 3013 perdidisse
1169 2939 1199 2998 in

67 3044 118 3114 vis,
146 3051 175 3104 et
195 3046 298 3104 doctor
317 3046 444 3105 Ebemns
464 3052 564 3104 nsrrnt
584 3046 662 3116 mihi,
683 3062 713 3105 se
735 3048 872 3120 Angustos
892 3045 1046 3118 nndivisse,
1067 3045 1197 3120 quendem

70 3164 123 3208 men
146 3152 252 3224 seripts
278 3153 308 3208 in
335 3167 436 3209 manns
461 3151 538 3223 regis
557 3149 722 3224 pervenisse
741 3152 842 3223 proonl
863 3148 959 3210 dnbio.
1002 3151 1098 3224 Qnsre
1118 3152 1199 3210 nulls

71 3250 118 3309 elin
135 3259 254 3325 possunt
275 3268 340 3311 esse
360 3253 467 3324 praeter
486 3253 555 3312 been.

134 3356 163 3416 Si
182 3356 259 3416 sorte
280 3357 344 3429 ejns
364 3359 500 3430 majestas
520 3356 611 3416 vellet
632 3355 715 3432 queri
728 3357 764 3416 de
779 3375 834 3430 me,
855 3365 954 3432 posset
968 3360 1013 3419 illi
1023 3360 1200 3433 responderi,

71 3470 106 3514 ne
124 3460 214 3518 solere
235 3466 336 3518 tnxnre
358 3463 469 3518 tontum
490 3459 681 3521 crassissimos
702 3461 839 3535 quosdam
863 3479 992 3537 errores,
1019 3481 1091 3538 qnos
1117 3480 1199 3539 pspoe

71 3561 112 3616 nni
128 3563 310 3624 introducere
322 3570 477 3636 'nunqnam
497 3547 669 3626 debuissent'
694 3564 723 3624 in
751 3567 901 3626 ecelesiam
923 3567 993 3642 Dei,
1019 3574 1071 3628 nni
1096 3569 1201 3630 tollere

72 3678 141 3738 none,
161 3685 245 3740 qnnm
266 3667 399 3740 videant,
425 3669 610 3741 usqueadeo
631 3675 661 3728 ei
687 3671 791 3730 merito
819 3672 1003 3745 reprebendi.
1043 3673 1156 3733 Deinde
1177 3675 1201 3734 si

72 3770 125 3828 volo
148 3775 261 3832 vertere
289 3789 395 3832 novum
421 3774 627 3833 beni-omentum
654 3771 683 3832 in
709 3775 836 3849 lingnam
864 3775 1023 3851 Slsriosm,
1053 3779 1107 3838 hon
1137 3793 1200 3838 esse

73 3886 138 3946 opus,
158 3878 231 3950 qnod
251 3879 376 3951 ipsomet
395 3880 531 3952 majestas
550 3881 632 3954 regin
652 3879 773 3941 deberet
788 3897 900 3955 onrnre,
922 3899 1009 3955 qnnm
1022 3889 1081 3942 tem
1095 3884 1201 3943 multos

73 3969 163 4034 hebent
181 3979 311 4053 subditos
331 3980 440 4040 Slnvos.
484 3981 553 4054 Quis
574 3981 640 4054 seit,
668 3981 693 4042 si
713 3993 927 4046 sommovestur
946 3985 1017 4047 talin
1037 3989 1159 4049 audiens
1183 4007 1201 4049 n

620 4125 637 4162 b

135 4223 147 4276 1
163 4223 188 4281 s.
207 4227 260 4284 nen
278 4229 476 4289 remuneres
494 4234 568 4298 niver,
587 4233 683 4304 Serae.
702 4253 722 4289 s.
740 4235 783 4290 ss.
802 4253 829 4291 n.
843 4237 887 4292 es.
904 4239 932 4294 n.
946 4257 973 4292 n.
985 4240 1026 4294 14.
1054 4241 1109 4297 nas
1128 4221 1201 4297 luen

78 4305 134 4363 dber
147 4313 273 4386 Englnnd
293 4320 440 4376 vielleiohb
458 4323 612 4394 Reginnldi
631 4323 693 4379 Peli
720 4321 786 4378 libri
813 4324 871 4390 IV,
899 4326 934 4382 de
961 4326 1119 4382 defensione
1146 4329 1200 4382 ebe.
1310 4320 1312 4324 ¹

79 4396 246 4461 mmmm
