2862 5080
74 362 131 416 15⁶4
423 379 427 386 ”
595 367 657 428 407

132 531 188 588 Von
207 533 270 588 dem
289 533 391 604 herzog
409 533 447 588 ist
465 515 660 606 eigenhlindig
679 535 821 590 bemerkt:

132 620 186 676 8011
204 620 263 676 also
282 619 447 690 geschriben
466 622 587 678 werden.

593 894 658 954 199.

359 1024 481 1111 Verger
504 1045 547 1090 00
570 1025 687 1112 herzog
709 1023 893 1112 Christoplp.

416 1153 567 1227 Tubingen
589 1157 625 1212 14
646 1154 726 1214 Mara
749 1156 834 1214 1564.

126 1277 218 1331 1100111
238 1276 354 1330 1111100
373 1275 446 1330 brief
462 1291 524 1330 vom
545 1277 577 1331 10
587 1276 672 1342 Mara,
691 1275 795 1330 meldet
813 1275 996 1346 neuiglreiten
1016 1294 1065 1332 000
1085 1275 1198 1342 Italion,

65 1373 180 1430 01100011
198 1373 272 1429 doch
291 1373 363 1428 noch
380 1373 454 1428 nach
474 1372 666 1428 Graubllnden
682 1389 714 1425 au
733 1370 833 1426 reisen.

131 1479 324 1540 illustrissime
345 1481 483 1556 Princeps
505 1487 535 1541 et
554 1482 677 1541 Domine
699 1481 822 1540 Domine
844 1479 1089 1540 clementissime!

133 1584 248 1644 Gratias
268 1586 443 1644 immortales
464 1602 519 1660 ago
539 1585 743 1645 illustrissimae
765 1584 935 1646 celsitudini
948 1586 1059 1646 Vestrae
1079 1603 1132 1658 pro
1152 1587 1199 1646 lit·

64 1688 125 1748 teris
146 1695 268 1748 externa
288 1688 335 1746 die
356 1687 494 1760 Nirtlnga
520 1687 636 1760 datis²,
667 1687 770 1761 001100
797 1703 842 1744 me
871 1687 1028 1763 clementer
1054 1687 1199 1762 hortatur,

63 1799 91 1851 ut
108 1791 263 1852 abstineam
284 1797 320 1851 ab
341 1793 445 1852 itinere
467 1793 641 1859 Rliaetorum.
683 1792 844 1852 Declarabo
865 1797 975 1863 postea,
1003 1795 1202 1854 cumvenerit

62 1893 154 1954 festum
170 1897 325 1971 paschatis,
347 1911 431 1970 quam
444 1897 501 1954 sint
514 1911 616 1969 graves
631 1911 732 1964 causae,
756 1899 824 1952 tunc
846 1893 921 1952 enim
942 1893 1117 1952 commodius
1131 1895 1199 1954 lice·

62 1999 109 2073 bit,
135 2002 249 2062 interea
269 2019 323 2075 ago
344 2004 452 2076 gratias
474 1999 518 2076 (ut
540 1999 615 2076 diri)
635 2015 688 2072 pro
709 2004 768 2056 tam
792 2014 895 2068 magua
922 1998 1090 2068 clementia3
1123 2017 1199 2058 nuuc

62 2108 188 2179 aperiam,
209 2110 239 2166 in
262 2124 318 2180 000
339 2113 416 2166 01010
436 2121 484 2164 res
505 2121 568 2164 sese
589 2105 704 2164 habeat.
746 2104 815 2162 Post
843 2102 1019 2161 celebratum
1044 2101 1103 2161 1010
1132 2120 1199 2162 000-

61 2211 227 2283 ciliabulum,
257 2211 342 2285 00010
363 2212 541 2270 celebratum
563 2216 606 2269 ost
619 2209 646 2278 ⁹,
675 2211 729 2269 100
750 2215 795 2268 001
815 2206 998 2280 illegitimum
1020 2212 1050 2265 01
1070 2207 1198 2280 stultum,

58 2309 157 2372 luriunt
179 2313 285 2373 Veneti
306 2319 474 2387 putantque,
496 2329 527 2372 00
548 2313 644 2371 omnia
664 2311 772 2372 habere
793 2313 821 2370 10
843 2327 938 2382 manu,
960 2311 1028 2384 0010
1048 2311 1198 2371 concilium

58 2413 235 2476 absolverint.
276 2416 418 2491 Imprimis
439 2415 580 2490 quispiam
605 2411 1128 2485 100100010110010000000011001,
1150 2416 1198 2488 qui
1261 2451 1265 2458 ·

58 2516 286 2590 Bergcncnsinm
307 2517 449 2592 gubernat
470 2517 604 2578 diocesim
627 2524 656 2577 et
678 2513 891 2590 episcopatum,
919 2517 1035 2592 scripsit
1054 2519 1198 2578 Basileam

58 2637 138 2694 00000
159 2623 317 2696 0110011000
339 2623 481 2697 quandam
501 2623 715 2694 mulierculam,
743 2638 807 2696 qum
835 2623 935 2682 decem
963 2627 1013 2682 aut
1034 2623 1197 2697 quindecim
1210 2687 1218 2700 Ι,

57 2729 130 2784 00010
149 2729 223 2786 vixit
243 2727 367 2786 Basileus
389 2743 451 2785 cum
472 2727 576 2786 marito
604 2743 655 2786 suo
685 2726 807 2786 medico·
822 2734 920 2786 sancte
949 2733 1037 2801 01000
1066 2727 1197 2796 honeste,

57 2832 164 2906 citavit,
196 2835 339 2909 inquam,
364 2839 396 2890 01
425 2833 523 2891 statim
546 2833 644 2891 anino
665 2849 717 2892 000
738 2831 902 2892 discederet
924 2838 953 2890 et
972 2831 1144 2904 Bergomum
1166 2849 1197 2891 se

57 2935 193 2996 conferret
223 2939 276 2998 sub
297 2955 383 3012 poena
403 2937 613 2998 confiscationis
633 2938 789 3010 bonorum,
814 2954 878 3011 quae
904 2939 952 2996 vix
971 2937 1197 3011 quadringentos

56 3039 166 3102 ducatos
188 3045 347 3116 excedunt,
375 3047 527 3119 agiturque
548 3061 595 3104 res
616 3045 700 3104 valde
722 3044 814 3116 serio;
843 3042 915 3114 proh
935 3041 1030 3100 Deum
1050 3043 1196 3100 immorta-

54 3143 111 3216 lem,
132 3155 243 3220 quanta
263 3149 308 3206 hic
328 3148 495 3219 crudelitas,
518 3147 647 3206 dividere
671 3148 763 3205 virum
783 3145 819 3204 ab
840 3161 942 3217 uxore,
964 3146 1032 3218 qnia
1046 3145 1146 3204 vivunt
1165 3145 1195 3203 in

54 3257 145 3312 nostra
163 3254 315 3326 religione,
336 3253 417 3326 quasi
437 3258 532 3312 actum
553 3251 642 3312 fuerit
660 3252 695 3310 de
713 3269 756 3323 ea,
778 3251 827 3310 ubi
838 3266 874 3308 00
890 3249 993 3308 divisio
1007 3246 1083 3308 10010
1095 3246 1195 3308 lueritl

55 3353 134 3415 Aliud
156 3363 201 3416 est
222 3359 252 3414 in
272 3373 304 3416 re
330 3357 485 3429 consimili,
517 3359 658 3431 quispiam
683 3355 774 3415 frater
800 3354 940 3414 concessit
967 3351 1051 3412 fratri
1078 3351 1196 3412 filiolam

53 3463 182 3518 0010001
204 3460 304 3518 decem
325 3475 466 3518 annorum
486 3459 617 3530 circiter,
646 3476 709 3533 quae
731 3458 913 3518 cohabitaret
934 3457 1057 3517 Basileae
1077 3463 1197 3532 propter

53 3568 257 3634 paupertatem.
305 3561 409 3621 Veneti
435 3562 616 3624 resolverunt
643 3567 731 3634 01000
759 3563 872 3622 unicam
900 3563 984 3620 istam
1014 3563 1050 3620 ob
1079 3578 1196 3620 causam

54 3671 157 3734 patrem
177 3666 286 3739 puellae
306 3667 335 3724 in
364 3681 508 3726 carcerem
536 3668 716 3726 intruserunt
743 3667 973 3740 mandaruntque
1000 3683 1104 3740 magna
1130 3665 1195 3724 dili·
1246 3645 1248 3650 ⁵

53 3769 158 3841 gentio,
188 3775 223 3826 ut
247 3767 338 3827 filiola
357 3771 387 3826 in
407 3771 545 3842 patriam,
573 3769 627 3826 100
648 3775 693 3826 001
713 3769 1083 3842 Bergomumremittalur.
1124 3771 1194 3843 Quae

54 3870 169 3932 durities
195 3867 242 3932 est
267 3873 346 3932 haec?
377 3875 459 3948 00001
490 3880 583 3933 actum
611 3875 647 3933 sit
674 3873 720 3949 (ut
748 3875 820 3950 dixi)
852 3877 888 3936 de
914 3883 1014 3936 nostra
1041 3877 1194 3950 religione,

613 3977 630 4012 s

118 4055 179 4108 18.
203 4073 232 4108 n.
252 4056 311 4110 198.
367 4050 377 4060 “

117 4139 179 4196 28.
202 4159 232 4196 n.
252 4143 310 4196 196.

116 4231 132 4284 3
150 4228 316 4284 Fredericus
335 4229 494 4294 Cornelius,
518 4232 581 4302 geb.
602 4231 731 4302 Venedig
751 4231 831 4294 1531,
859 4231 950 4302 lolgte
975 4231 1080 4286 scirem
1101 4233 1193 4288 oheim

52 4312 178 4386 Aloysius
202 4315 345 4372 Cornelius
371 4317 410 4372 im
433 4317 499 4386 jahr
518 4319 584 4374 1560
610 4318 661 4372 001
682 4318 745 4372 dem
769 4317 949 4374 bischofssita
973 4333 1028 4373 ron
1046 4319 1192 4388 Bergamo

51 4403 141 4458 00110
161 4403 231 4458 1577
251 4403 362 4458 bischof
377 4421 433 4460 von
447 4405 550 4470 Padus,
569 4407 652 4460 00100
671 4404 770 4460 Sixtv
789 4405 924 4469 cardinal,
942 4410 959 4474 †
978 4406 1046 4460 1599
1064 4405 1094 4459 in
1113 4405 1192 4461 Rom.
