2910 5080
77 375 138 430 1554
611 379 652 442 67

70 546 172 606 Albani
193 548 221 604 in
242 561 358 605 uxorem
379 546 508 620 duxerit,
531 549 576 606 cui
601 547 653 608 dos
673 565 730 608 non
751 551 826 610 adeo
846 554 948 627 ampla,
969 552 1026 612 imo
1046 553 1137 613 multo
1157 555 1199 612 in·

70 651 148 709 lerion
166 652 317 712 distributa
337 653 381 710 sit.
422 652 487 710 Non
508 655 584 712 enirn
606 654 710 724 dotem,
731 656 782 714 sed
804 654 950 727 familiam,
972 659 1198 730 nonpecuniatn,

69 756 113 812 sed
131 769 245 814 uxorem
266 757 343 814 inter
362 771 414 814 uos
434 758 633 816 consuevimus
660 758 774 818 ducere.
816 760 886 830 Quae
912 765 943 818 tu
970 775 1022 818 suo
1049 760 1112 820 loco
1140 766 1199 818 stu·

70 857 163 915 diosius
176 859 345 930 exageratis
364 857 499 930 idemque
520 858 683 918 claborabis
703 859 814 932 sedulo,
840 877 875 919 na
897 862 933 920 ob
954 871 1013 921 tam
1033 863 1118 932 vilem
1138 879 1199 922 rem

71 963 262 1020 matrimonium
283 969 405 1035 utraque
427 979 462 1020 ex
483 969 566 1034 parte
587 961 782 1024 felicissimum
804 967 944 1026 irritetur.
986 969 1057 1040 Quae
1083 968 1136 1028 tibi
1162 970 1199 1027 ad

72 1067 165 1122 litteras
184 1074 247 1124 tuas
269 1083 304 1124 ex
324 1068 460 1138 singulari
482 1065 580 1124 lavore
601 1068 777 1140 respondere
798 1071 948 1128 voluimus.

607 1345 652 1400 10.

356 1445 479 1534 Verger
502 1470 544 1512 an
567 1447 684 1534 herzog
707 1447 889 1533 Christoph.

415 1561 563 1634 Tibiugen
588 1563 623 1620 19
643 1561 726 1634 April
751 1563 834 1620 1554.

125 1659 312 1716 Nachrichten
330 1661 399 1716 iiber
416 1662 462 1716 die
489 1661 652 1718 ferrarischc
680 1663 794 1718 heirath
816 1663 872 1718 uud
898 1661 965 1719 iiber
989 1664 1033 1720 eiu
1052 1665 1126 1720 buch
1145 1680 1200 1720 von

68 1753 93 1808 lt..
108 1754 177 1810 Pola.

135 1852 329 1912 illustrissime
350 1855 490 1928 Princeps
510 1861 540 1913 et
560 1855 683 1914 Domine
704 1855 826 1914 Domine
842 1856 1068 1916 Graliosissimc!

132 1956 192 2028 Ago
216 1959 328 2029 gratias
347 1973 431 2030 quam
454 1959 590 2016 maximas
608 1957 780 2016 Celsitudini
797 1959 917 2031 Vestrae,
939 1975 1003 2032 quae
1022 1961 1140 2033 dignata
1155 1969 1200 2022 cst

66 2074 144 2130 nuper
157 2063 227 2119 meis
244 2063 352 2120 litteris
368 2063 554 2134 respondere,
575 2079 609 2122 ac
630 2081 686 2122 non
700 2065 785 2122 modo
799 2064 880 2122 adid
898 2064 975 2138 quod
989 2065 1131 2137 petebam,
1148 2068 1199 2126 sed

65 2162 130 2220 aliud
146 2173 290 2235 practerea
307 2182 363 2224 non
385 2169 467 2238 parvi
484 2170 857 2226 momenti-communicare.
878 2169 962 2227 Nunc
978 2169 1097 2228 obsecro
1111 2175 1198 2242 atque

65 2268 192 2340 supplico,
225 2276 258 2326 ut
278 2287 372 2343 pauca
391 2272 479 2330 liceat
499 2272 569 2329 mihi
590 2273 625 2330 de
647 2281 770 2347 utroque
792 2273 914 2331 articulo
943 2273 1036 2332 adhuc
1063 2274 1198 2332 scribere.

65 2370 143 2441 Quum
164 2373 212 2431 diu
233 2371 386 2432 familiaris
406 2372 510 2432 luerim
532 2375 597 2434 duci
620 2383 649 2434 ct
670 2375 791 2434 ducissae
813 2375 966 2446 Ferraria,
986 2391 1102 2449 possum
1122 2373 1198 2434 ailin-

64 2489 137 2540 marc,
158 2477 270 2548 ducem,
292 2478 341 2548 qui
361 2478 500 2548 pietatem
521 2495 617 2538 veram
639 2495 694 2538 non
717 2481 805 2551 rnorit,
826 2495 932 2552 cupere
952 2479 1127 2540 Bavaricas²
1147 2496 1199 2552 pro

64 2574 119 2648 lilio,
137 2579 280 2639 ducissam
300 2597 387 2653 vcro,
420 2599 483 2655 quae
506 2599 572 2639 vere
594 2583 674 2640 novit
698 2561 851 2654 pietatem,
879 2582 1034 2641 saxonices
1060 2597 1113 2655 pro
1140 2582 1200 2640 filia

49 2675 223 2745 ‘desiderare
269 2685 327 2744 Sed
347 2692 377 2744 et
397 2688 477 2746 aliud
496 2688 580 2746 simul
601 2687 745 2747 affirmare
773 2705 903 2762 possum,
929 2687 1031 2745 ducem
1060 2701 1122 2744 esse
1147 2686 1199 2744 ali·

66 2795 156 2858 quanto
175 2793 354 2850 tenaciorem
377 2789 421 2866 (ut
442 2791 533 2848 dicam
553 2791 584 2848 id
604 2791 681 2864 quod
707 2791 763 2868 cst)
795 2799 824 2848 ct
851 2791 929 2848 illum
954 2792 983 2847 iu
1012 2805 1098 2848 causa
1123 2799 1198 2860 esse,

65 2898 90 2948 ut
106 2910 176 2953 nunc
196 2894 373 2967 quaesierim,
393 2896 417 2952 si
439 2894 508 2968 quid
528 2895 651 2970 principi
673 2895 778 2954 Saxoni
798 2896 967 2964 accreverit,
989 2900 1075 2966 atquc
1098 2892 1194 2952 utBa·

65 2997 153 3056 varinae
174 3000 286 3073 nuptias
307 3015 394 3058 causa
414 2999 490 3057 dotis
510 2999 705 3069 retardentur,
727 3016 782 3058 non
795 3005 891 3058 autem
905 2998 1057 3068 drusianam,
1078 3013 1142 3070 quta
1163 3005 1195 3056 ut

65 3115 120 3157 rere
139 3105 185 3175 pia
206 3108 254 3162 est
275 3103 316 3160 ita
337 3109 366 3160 et
387 3103 576 3174 magnanima,
597 3103 725 3176 nihilque
740 3099 1198 3176 praeternirtutsmnobilitatem·

65 3219 109 3273 que
128 3207 154 3263 in
176 3223 295 3264 suorum
316 3203 440 3264 filiorum
463 3207 649 3264 matrimoniis
670 3207 855 3279 quaerendum
877 3213 982 3264 censet.
1019 3203 1125 3277 Scripsi
1146 3221 1199 3277 ego

64 3306 119 3365 lruic
137 3327 229 3381 nuper
251 3310 287 3367 de
308 3310 427 3368 meliore
448 3315 517 3367 nota
537 3315 673 3380 tanquam
695 3325 730 3365 ex
750 3324 810 3375 me,
832 3325 865 3366 ac
885 3308 998 3366 litteras
1017 3323 1070 3380 par
1090 3311 1200 3366 certum

65 3412 180 3468 nuntium
200 3413 350 3484 usquead
371 3409 442 3470 fines
463 3411 554 3468 Italiae
575 3413 655 3482 misi,
684 3418 713 3468 ct
734 3415 775 3468 ita
794 3418 881 3483 puto,
903 3428 948 3469 rue
970 3413 1129 3484 exagitasse
1150 3427 1200 3470 ne·

65 3512 157 3580 gotium
179 3523 209 3575 et
231 3517 348 3588 arsisse,
369 3521 401 3572 ut
421 3514 529 3588 nuptiae
549 3513 607 3570 illae
621 3513 770 3571 Bavaricae
786 3515 901 3572 omnino
922 3517 979 3572 sint
999 3514 1119 3586 i'uturae;
1140 3515 1200 3574 scio

65 3618 128 3676 enim
148 3620 248 3678 ducem
262 3619 408 3677 Ferrariae
430 3626 460 3677 et
478 3618 652 3676 cardinalem
669 3616 882 3690 Hippolytnm²
899 3619 961 3690 cJus
976 3617 1094 3676 fratrem
1112 3625 1200 3688 atquc

618 3725 632 3755 ss

66 3810 112 3849 war
133 3799 170 3854 sie
193 3819 250 3855 von
275 3799 354 3854 iriihc
379 3817 414 3853 an
441 3799 581 3870 angathan
607 3816 742 3868 genesen.
779 3800 805 3852 S.
832 3799 921 3853 stelin
939 3800 994 3862 IV,
1022 3801 1089 3863 770,
1120 3817 1139 3852 s.
1160 3800 1199 3854 br.

66 3898 86 3934 u.
103 3887 140 3940 14.
175 3889 226 3944 Die
245 3887 439 3944 construkiion
457 3889 495 3941 ist
514 3887 576 3941 sehr
596 3887 782 3957 maugelhaft.

125 3975 300 4134 aiassspoiyt
319 4081 374 4117 nou
392 4063 476 4125 Este,
494 4063 563 4117 sohn
583 4079 638 4117 von
657 4063 756 4117 Alione
773 4063 786 4114 1
807 4079 862 4115 von
880 4061 1005 4126 Ferrara,
1026 4062 1128 4117 brudcr
1145 4080 1199 4118 von

67 4143 189 4204 Herkules
209 4151 243 4216 II,
262 4151 326 4221 geb.
348 4151 429 4213 1509,
453 4149 504 4203 rnii
523 4150 578 4204 den
597 4150 732 4205 hlichsten
750 4149 926 4204 kirchlichen
945 4150 1059 4204 wiirden
1079 4149 1199 4213 bearunt,

68 4233 206 4292 arabischoi
221 4255 276 4294 von
296 4237 433 4302 Mailand,
453 4237 588 4306 cardinal,
606 4239 753 4308 protelatur
768 4253 826 4291 ¹von
844 4236 1032 4301 Frankreich,
1057 4254 1089 4290 nu
1108 4235 1201 4290 vielen

68 4315 372 4396 iirchlich·politischen
392 4325 542 4380 missionem
562 4325 738 4390 verwendet,
757 4329 773 4391 †
792 4325 807 4376 2
826 4321 979 4378 December
999 4324 1073 4376 1572.
1112 4323 1138 4375 S.
1157 4322 1199 4374 br.

68 4409 159 4464 n128.
972 4430 975 4436 ·

954 4504 992 4556 ὀὴ
