2830 5078
1310 305 1358 356 itti

230 476 349 534 miratus
370 472 426 532 init
446 475 559 548 lagatus
580 474 727 546 dixitque,
755 489 785 530 se
814 473 924 532 nullum
949 473 1067 532 verbum
1089 475 1125 532 de
1147 492 1184 534 ea
1204 493 1238 534 re
1260 495 1359 550 unquun

230 579 384 650 audivisse3
406 577 545 652 postridie
567 585 669 638 autem·
685 579 787 650 petivit
807 596 825 636 a
845 595 899 648 me,
921 595 958 636 an
980 580 1016 638 de
1038 581 1091 639 lroc
1113 581 1239 640 deberet
1253 598 1301 640 suo
1316 584 1359 654 regi

231 684 374 758 quippiam
395 680 520 750 referre3
543 680 689 752 respondi,
710 697 755 738 me
776 681 859 750 scire,
881 680 957 752 quod
980 681 1128 740 Oelsitudo
1149 683 1258 742 Vestra
1276 684 1359 741 consti·

231 765 322 846 tue‘rit
342 787 420 844 nolle
441 786 562 860 amplius
583 802 618 844 ea
640 785 675 842 de
696 801 727 841 re
749 783 868 842 verbum
888 783 1002 856 lacere,
1034 791 1063 842 et
1083 787 1161 858 quod
1182 804 1285 862 magno
1304 788 1360 846 redi·

231 899 331 962 meret,
353 909 409 950 non
431 892 562 963 petiiss03
584 907 648 948 cum
664 889 721 946 tole
739 904 904 959 responsum
920 889 1062 958 retulerit,
1085 893 1169 964 quale
1191 909 1248 950 non
1267 909 1361 966 exspec-

231 1003 411 1068 tasset,·qua
431 1013 463 1054 re
485 994 667 1054 nullomodo
689 993 794 1052 debere
817 1011 882 1052 eum
905 992 1016 1052 referre
1038 996 1100 1067 regi
1122 997 1214 1067 quasi,
1237 999 1362 1056 voluntate

231 1102 335 1158 Vestra
356 1117 409 1171 ego
431 1100 494 1170 ejus
515 1099 557 1156 rei
573 1097 748 1157 mentionem
763 1095 889 1168 fecerim,
912 1097 963 1154 sod
981 1098 1005 1156 si
1026 1098 1150 1156 uoluerit
1164 1098 1284 1171 referre,
1304 1101 1364 1172 quod

232 1222 330 1276 ame,
352 1211 489 1278 tanquam
510 1219 544 1260 ex
565 1220 628 1270 nro,
657 1203 783 1260 audierit
804 1203 890 1260 talem
912 1201 1060 1262 historiam
1083 1203 1112 1257 in
1135 1201 1273 1261 familiari
1291 1206 1363 1262 collo·

232 1309 307 1382 quia,
329 1313 397 1380 agat
417 1306 453 1364 de
474 1307 528 1364 lroo
549 1313 580 1363 ut
602 1305 678 1375 uelit,
699 1321 744 1360 me
767 1320 822 1360 non
844 1304 997 1376 impedire:
1019 1307 1086 1378 quia
1106 1324 1161 1364 non
1176 1315 1223 1364 est
1243 1309 1307 1366 mihi
1325 1311 1364 1366 sul
1405 1324 1406 1351 r

232 1413 347 1470 silentio
369 1410 546 1481 concredito,
567 1414 597 1468 et
617 1411 693 1468 visus
715 1417 760 1466 est
780 1407 848 1466 mihi
871 1408 924 1467 hoc
939 1411 1086 1483 negotium
1102 1428 1158 1470 non
1175 1414 1256 1484 parvi
1271 1412 1364 1482 iecisse,

233 1524 266 1575 nt
287 1523 332 1574 est
353 1513 483 1588 profecto
505 1514 650 1586 prudens,
682 1514 738 1573 imo
759 1514 868 1586 gratias
890 1515 969 1585 egit,
1000 1515 1076 1587 quod
1105 1519 1365 1576 communicaverin.
1403 1489 1407 1570 i

234 1619 321 1679 Certo
342 1620 414 1678 sciat
426 1619 574 1680 celsitudo
584 1619 698 1686 Vestra,
720 1635 765 1676 nne
787 1620 951 1678 clarissimis
972 1619 1067 1678 verbis
1088 1621 1205 1693 dixisse,
1229 1624 1303 1697 qood
1322 1640 1365 1681 uon

234 1723 360 1782 facerem
381 1723 554 1782 mentionem
576 1725 629 1782 nisi
651 1740 685 1780 ex
707 1739 761 1793 me,
784 1731 814 1781 et
833 1723 988 1795 addidisse,
1010 1726 1087 1796 quod
1108 1726 1259 1786 celsitudo
1280 1729 1366 1786 Vestra

234 1829 423 1895 constituerit,
446 1833 614 1900 nonpetere
635 1825 765 1897 amplius,
787 1843 849 1882 cum
872 1826 930 1883 tale
949 1841 1116 1897 responsum
1133 1831 1278 1902 retulerit,
1299 1832 1367 1904 quale
1405 1877 1406 1881 ,

234 1951 291 1993 uon
311 1939 456 2006 putasset3
487 1933 511 1990 si
538 1930 614 1990 forto
641 1945 806 2004 peccassem
834 1932 864 1988 in
892 1928 1025 1990 iacienda
1050 1931 1136 2004 hujus
1164 1935 1209 1992 rei
1230 1936 1366 2004 mentione,
1405 1912 1406 1929 ζ

233 2038 338 2098 Vestra
358 2036 507 2096 Golsitudo
528 2036 596 2094 mihi
617 2036 763 2108 ignoscat,
784 2033 840 2094 leci
861 2052 913 2106 pro
934 2035 1019 2104 bono,
1041 2037 1191 2112 nimirum,
1214 2047 1248 2099 ut
1268 2057 1366 2100 concor·

235 2143 311 2202 diam
332 2157 468 2214 sererem,
489 2148 522 2200 ut
543 2157 587 2200 me
609 2139 701 2200 decet.

777 2413 824 2468 82.

531 2531 662 2618 Herzog
686 2531 861 2618 Christoph
887 2557 929 2600 an
954 2533 1086 2618 Verger.
1122 2565 1124 2570 ·

622 2664 767 2738 stuttgart
790 2670 803 2722 1
826 2666 886 2724 Mai
910 2668 994 2723 1559.»

307 2786 439 2841 Antenori
456 2782 508 2839 auf
523 2801 551 2838 n.
569 2785 611 2840 81.

313 2885 484 2945 Reverendo
505 2885 588 2944 nobis
608 2887 728 2967 dilecte!

266 3031 272 3040 .
312 2990 445 3048 Reddite
465 2989 548 3048 nobis
568 2997 674 3048 vestrae
695 2997 762 3048 sunt
782 2991 903 3063 litterae,
934 3007 970 3048 ex
995 2991 1098 3064 quibus
1119 3008 1258 3050 summam
1278 2995 1368 3050 tracta·

234 3095 322 3153 tionis
341 3102 455 3166 vestrae,
477 3111 561 3166 qnam
578 3111 641 3153 cnm
655 3095 752 3166 legato
764 3095 877 3164 Gallico
893 3095 1043 3167 habuistis,
1064 3095 1180 3153 abunde
1195 3099 1267 3155 satis
1281 3109 1368 3167 cogno·

236 3198 336 3256 vimus.

314 3300 441 3374 Cumque
462 3301 540 3360 idem
560 3303 674 3375 legatus
703 3305 788 3377 hujus
816 3305 860 3362 rei
885 3305 961 3377 apud
989 3321 1040 3364 uos
1068 3322 1183 3380 quoque
1211 3307 1369 3364 mentionem

234 3403 353 3477 fecerit,
380 3407 465 3476 longe
492 3407 578 3464 aliter
599 3407 635 3465 de
657 3407 760 3466 eudem
780 3409 861 3466 nobis
881 3409 1087 3480 persuademus
1108 3416 1139 3468 et
1159 3411 1245 3482 plane
1265 3406 1367 3469 conlidi·

234 3527 306 3582 mus,
327 3495 402 3569 hun'o
421 3511 598 3583 potissimum
622 3513 801 3586 explorandi,
823 3530 907 3586 quam
921 3514 1016 3572 animo
1030 3515 1182 3574 ecelesiam
1195 3515 1298 3573 Christi
1311 3526 1367 3584 prc-

233 3614 360 3688 pagandi
379 3630 467 3688 super
487 3617 603 3688 negotio
624 3618 773 3690 religionis
795 3619 939 3676 vobiscum
960 3619 1123 3678 contulisse.
1154 3619 1282 3677 Eaenim
1294 3617 1368 3686 liujus

234 3721 329 3792 gentis
356 3720 463 3778 astutia
491 3727 520 3778 et
550 3721 748 3781 dissimulatio.
791 3724 887 3806 ¹Porro
918 3722 1061 3796 expeditis
1090 3724 1150 3795 jam
1187 3723 1260 3780 Galli
1287 3717 1366 3790 legati

234 3830 358 3896 uterque
383 3824 542 3882 novissimis
563 3823 639 3883 hisce
662 3825 768 3884 diebus.
784 3827 915 3898 Augusta
944 3828 1091 3892 discessit,
1121 3841 1157 3883 ea
1182 3831 1294 3898 propter
1315 3805 1367 3877 non

237 3935 297 3995 est,
328 3925 404 4000 quod
426 3925 527 3985 horum
552 3927 666 3985 nomine
692 3943 749 3984 non
776 3927 884 3999 absque
912 3928 1039 3998 periculo
1061 3934 1091 3987 et
1112 3928 1220 3986 frustra
1239 3929 1289 3986 lrnc
1305 3938 1368 3982 con·
1406 3965 1407 4026 3

236 4031 374 4092 tendatis.

803 4162 817 4195 >l

236 4265 375 4334 betrugen
395 4265 490 4329 sosio
508 4265 626 4329 kronen,
645 4265 684 4318 sie
702 4266 763 4318 sind
782 4265 840 4318 ihm
854 4266 947 4320 weder
960 4265 1074 4328 damnis.
1090 4268 1168 4320 ‘noch
1180 4261 1366 4336 spiterersetnt
1406 4261 1407 4300 ἶ

236 4353 358 4408 worden.
394 4351 421 4406 S.
441 4351 541 4416 stelin,
562 4351 608 4416 iv,
627 4349 687 4405 187.
