<?xml version="1.0" encoding="UTF-8"?>
<!DOCTYPE html PUBLIC "-//W3C//DTD XHTML 1.0 Transitional//EN"
    "http://www.w3.org/TR/xhtml1/DTD/xhtml1-transitional.dtd">
<html xmlns="http://www.w3.org/1999/xhtml" xml:lang="en" lang="en">
 <head>
  <title>
</title>
<meta http-equiv="Content-Type" content="text/html;charset=utf-8" />
  <meta name='ocr-system' content='tesseract 3.04.00' />
  <meta name='ocr-capabilities' content='ocr_page ocr_carea ocr_par ocr_line ocrx_word'/>
</head>
<body>
  <div class='ocr_page' id='page_1' title='image "./briefwechselzwi01verggoog/briefwechselzwi01verggoog_0341.png"; bbox 0 0 2830 5072; ppageno 0'>
   <div class='ocr_carea' id='block_1_1' title="bbox 1283 371 1338 427">
    <p class='ocr_par' dir='ltr' id='par_1_1' title="bbox 1283 371 1338 427">
     <span class='ocr_line' id='line_1_1' title="bbox 1283 371 1338 427; baseline -0.055 0"><span class='ocrx_word' id='word_1_1' title='bbox 1283 371 1338 427; x_wconf 78' lang='lat' dir='ltr'><strong>leot</strong></span> 
     </span>
    </p>
   </div>
   <div class='ocr_carea' id='block_1_2' title="bbox 205 547 1337 1149">
    <p class='ocr_par' dir='ltr' id='par_1_2' title="bbox 205 547 1337 1149">
     <span class='ocr_line' id='line_1_2' title="bbox 206 547 1336 627; baseline -0.009 -13"><span class='ocrx_word' id='word_1_2' title='bbox 206 556 390 622; x_wconf 82' lang='lat' dir='ltr'><strong>Rbaetiarum,</strong></span> <span class='ocrx_word' id='word_1_3' title='bbox 412 554 448 613; x_wconf 86' lang='lat' dir='ltr'><strong>ad</strong></span> <span class='ocrx_word' id='word_1_4' title='bbox 469 571 554 627; x_wconf 91' lang='lat' dir='ltr'><strong>quam</strong></span> <span class='ocrx_word' id='word_1_5' title='bbox 575 552 682 610; x_wconf 90' lang='lat' dir='ltr'><strong>dietam</strong></span> <span class='ocrx_word' id='word_1_6' title='bbox 704 553 848 610; x_wconf 81' lang='lat' dir='ltr'>accessuri</span> <span class='ocrx_word' id='word_1_7' title='bbox 869 557 937 610; x_wconf 91' lang='lat' dir='ltr'><strong>sunt</strong></span> <span class='ocrx_word' id='word_1_8' title='bbox 957 551 1012 624; x_wconf 86' lang='lat' dir='ltr'><strong>ipsi</strong></span> <span class='ocrx_word' id='word_1_9' title='bbox 1027 549 1122 609; x_wconf 87' lang='lat' dir='ltr'><strong>Rbaeti</strong></span> <span class='ocrx_word' id='word_1_10' title='bbox 1140 566 1191 608; x_wconf 91' lang='lat' dir='ltr'><strong>seu</strong></span> <span class='ocrx_word' id='word_1_11' title='bbox 1207 547 1336 606; x_wconf 80' lang='lat' dir='ltr'><strong>Grisoues.</strong></span> 
     </span>
     <span class='ocr_line' id='line_1_3' title="bbox 207 653 1337 728; baseline -0.006 -11"><span class='ocrx_word' id='word_1_12' title='bbox 207 661 269 718; x_wconf 86' lang='lat' dir='ltr'><strong>Nou</strong></span> <span class='ocrx_word' id='word_1_13' title='bbox 291 659 416 718; x_wconf 78' lang='lat' dir='ltr'><strong>libenter</strong></span> <span class='ocrx_word' id='word_1_14' title='bbox 435 657 537 728; x_wconf 89' lang='lat' dir='ltr'><strong>audio,</strong></span> <span class='ocrx_word' id='word_1_15' title='bbox 568 673 604 716; x_wconf 89' lang='lat' dir='ltr'><strong>ne</strong></span> <span class='ocrx_word' id='word_1_16' title='bbox 625 655 754 714; x_wconf 78' lang='lat' dir='ltr'>fortassis</span> <span class='ocrx_word' id='word_1_17' title='bbox 775 657 960 714; x_wconf 83' lang='lat' dir='ltr'><strong>involvantur</strong></span> <span class='ocrx_word' id='word_1_18' title='bbox 981 661 1011 713; x_wconf 91' lang='lat' dir='ltr'><strong>ct</strong></span> <span class='ocrx_word' id='word_1_19' title='bbox 1031 655 1237 727; x_wconf 82' lang='lat' dir='ltr'><strong>pertrahantur</strong></span> <span class='ocrx_word' id='word_1_20' title='bbox 1257 653 1337 726; x_wconf 87' lang='lat' dir='ltr'><strong>aliquo</strong></span> 
     </span>
     <span class='ocr_line' id='line_1_4' title="bbox 206 759 1337 834; baseline -0.007 -12"><span class='ocrx_word' id='word_1_21' title='bbox 206 764 290 822; x_wconf 86' lang='lat' dir='ltr'><strong>modo</strong></span> <span class='ocrx_word' id='word_1_22' title='bbox 311 763 346 822; x_wconf 90' lang='lat' dir='ltr'><strong>ad</strong></span> <span class='ocrx_word' id='word_1_23' title='bbox 368 764 535 821; x_wconf 87' lang='lat' dir='ltr'><strong>societatem</strong></span> <span class='ocrx_word' id='word_1_24' title='bbox 556 760 625 818; x_wconf 90' lang='lat' dir='ltr'><strong>belli</strong></span> <span class='ocrx_word' id='word_1_25' title='bbox 646 776 698 834; x_wconf 92' lang='lat' dir='ltr'><strong>pro</strong></span> <span class='ocrx_word' id='word_1_26' title='bbox 720 760 862 832; x_wconf 89' lang='lat' dir='ltr'><strong>Philippo.</strong></span> <span class='ocrx_word' id='word_1_27' title='bbox 904 759 1007 818; x_wconf 86' lang='lat' dir='ltr'><strong>Nullus</strong></span> <span class='ocrx_word' id='word_1_28' title='bbox 1033 764 1077 817; x_wconf 90' lang='lat' dir='ltr'><strong>est</strong></span> <span class='ocrx_word' id='word_1_29' title='bbox 1098 759 1254 817; x_wconf 85' lang='lat' dir='ltr'><strong>Galliarum</strong></span> <span class='ocrx_word' id='word_1_30' title='bbox 1273 759 1337 830; x_wconf 88' lang='lat' dir='ltr'><strong>lega·</strong></span> 
     </span>
     <span class='ocr_line' id='line_1_5' title="bbox 207 862 1336 937; baseline -0.005 -13"><span class='ocrx_word' id='word_1_31' title='bbox 207 875 254 926; x_wconf 91' lang='lat' dir='ltr'><strong>tus</strong></span> <span class='ocrx_word' id='word_1_32' title='bbox 274 885 348 925; x_wconf 84' lang='lat' dir='ltr'><strong>riuur</strong></span> <span class='ocrx_word' id='word_1_33' title='bbox 369 867 399 924; x_wconf 91' lang='lat' dir='ltr'><strong>in</strong></span> <span class='ocrx_word' id='word_1_34' title='bbox 420 871 482 925; x_wconf 85' lang='lat' dir='ltr'><strong>tota</strong></span> <span class='ocrx_word' id='word_1_35' title='bbox 502 865 651 936; x_wconf 87' lang='lat' dir='ltr'><strong>Helvetia,</strong></span> <span class='ocrx_word' id='word_1_36' title='bbox 679 871 711 922; x_wconf 91' lang='lat' dir='ltr'><strong>ut</strong></span> <span class='ocrx_word' id='word_1_37' title='bbox 739 880 832 937; x_wconf 87' lang='lat' dir='ltr'><strong>neque</strong></span> <span class='ocrx_word' id='word_1_38' title='bbox 854 865 883 920; x_wconf 94' lang='lat' dir='ltr'><strong>in</strong></span> <span class='ocrx_word' id='word_1_39' title='bbox 905 863 1028 921; x_wconf 86' lang='lat' dir='ltr'><strong>Rbaetia.</strong></span> <span class='ocrx_word' id='word_1_40' title='bbox 1070 863 1143 920; x_wconf 88' lang='lat' dir='ltr'><strong>Num</strong></span> <span class='ocrx_word' id='word_1_41' title='bbox 1166 862 1336 934; x_wconf 67' lang='lat' dir='ltr'><strong>deguerint</strong></span> 
     </span>
     <span class='ocr_line' id='line_1_6' title="bbox 207 968 1337 1050; baseline -0.007 -20"><span class='ocrx_word' id='word_1_42' title='bbox 207 973 255 1046; x_wconf 91' lang='lat' dir='ltr'><strong>qui</strong></span> <span class='ocrx_word' id='word_1_43' title='bbox 276 973 351 1050; x_wconf 89' lang='lat' dir='ltr'><strong>solet</strong></span> <span class='ocrx_word' id='word_1_44' title='bbox 370 972 399 1030; x_wconf 92' lang='lat' dir='ltr'><strong>iu</strong></span> <span class='ocrx_word' id='word_1_45' title='bbox 421 969 556 1028; x_wconf 86' lang='lat' dir='ltr'><strong>Helvetia</strong></span> <span class='ocrx_word' id='word_1_46' title='bbox 578 970 696 1041; x_wconf 79' lang='lat' dir='ltr'><strong>degere,</strong></span> <span class='ocrx_word' id='word_1_47' title='bbox 724 970 754 1026; x_wconf 90' lang='lat' dir='ltr'><strong>in</strong></span> <span class='ocrx_word' id='word_1_48' title='bbox 776 968 870 1027; x_wconf 89' lang='lat' dir='ltr'><strong>Gallia</strong></span> <span class='ocrx_word' id='word_1_49' title='bbox 895 985 971 1026; x_wconf 89' lang='lat' dir='ltr'><strong>nunc</strong></span> <span class='ocrx_word' id='word_1_50' title='bbox 999 973 1058 1039; x_wconf 89' lang='lat' dir='ltr'><strong>est,</strong></span> <span class='ocrx_word' id='word_1_51' title='bbox 1086 969 1163 1026; x_wconf 92' lang='lat' dir='ltr'><strong>uude</strong></span> <span class='ocrx_word' id='word_1_52' title='bbox 1189 971 1281 1025; x_wconf 90' lang='lat' dir='ltr'><strong>tamen</strong></span> <span class='ocrx_word' id='word_1_53' title='bbox 1299 984 1337 1024; x_wconf 86' lang='lat' dir='ltr'><strong>er·</strong></span> 
     </span>
     <span class='ocr_line' id='line_1_7' title="bbox 205 1070 916 1149; baseline -0.01 -14"><span class='ocrx_word' id='word_1_54' title='bbox 205 1082 363 1149; x_wconf 87' lang='lat' dir='ltr'><strong>spectatur,</strong></span> <span class='ocrx_word' id='word_1_55' title='bbox 386 1093 451 1134; x_wconf 89' lang='lat' dir='ltr'><strong>nam</strong></span> <span class='ocrx_word' id='word_1_56' title='bbox 472 1091 526 1146; x_wconf 90' lang='lat' dir='ltr'><strong>per</strong></span> <span class='ocrx_word' id='word_1_57' title='bbox 545 1079 669 1146; x_wconf 89' lang='lat' dir='ltr'><strong>quatuor</strong></span> <span class='ocrx_word' id='word_1_58' title='bbox 690 1088 802 1131; x_wconf 87' lang='lat' dir='ltr'><strong>menses</strong></span> <span class='ocrx_word' id='word_1_59' title='bbox 823 1070 916 1130; x_wconf 88' lang='lat' dir='ltr'><strong>abest.</strong></span> 
     </span>
    </p>
   </div>
   <div class='ocr_carea' id='block_1_3' title="bbox 207 1174 1341 2190">
    <p class='ocr_par' dir='ltr' id='par_1_3' title="bbox 207 1174 1341 2190">
     <span class='ocr_line' id='line_1_8' title="bbox 285 1174 1337 1254; baseline -0.01 -12"><span class='ocrx_word' id='word_1_60' title='bbox 285 1183 410 1242; x_wconf 87' lang='lat' dir='ltr'><strong>Geuevae</strong></span> <span class='ocrx_word' id='word_1_61' title='bbox 431 1181 525 1254; x_wconf 86' lang='lat' dir='ltr'><strong>capite</strong></span> <span class='ocrx_word' id='word_1_62' title='bbox 546 1180 647 1252; x_wconf 88' lang='lat' dir='ltr'><strong>plexus</strong></span> <span class='ocrx_word' id='word_1_63' title='bbox 669 1177 723 1236; x_wconf 90' lang='lat' dir='ltr'><strong>fuit</strong></span> <span class='ocrx_word' id='word_1_64' title='bbox 751 1177 883 1235; x_wconf 87' lang='lat' dir='ltr'><strong>minister</strong></span> <span class='ocrx_word' id='word_1_65' title='bbox 910 1176 990 1235; x_wconf 91' lang='lat' dir='ltr'><strong>verbi</strong></span> <span class='ocrx_word' id='word_1_66' title='bbox 1021 1175 1068 1234; x_wconf 94' lang='lat' dir='ltr'><strong>dei</strong></span> <span class='ocrx_word' id='word_1_67' title='bbox 1090 1175 1209 1246; x_wconf 88' lang='lat' dir='ltr'><strong>Gallus,</strong></span> <span class='ocrx_word' id='word_1_68' title='bbox 1242 1176 1285 1248; x_wconf 89' lang='lat' dir='ltr'><strong>qui</strong></span> <span class='ocrx_word' id='word_1_69' title='bbox 1309 1174 1337 1231; x_wconf 89' lang='lat' dir='ltr'><strong>de</strong></span> 
     </span>
     <span class='ocr_line' id='line_1_9' title="bbox 208 1280 1338 1354; baseline -0.01 -8"><span class='ocrx_word' id='word_1_70' title='bbox 208 1288 350 1346; x_wconf 87' lang='lat' dir='ltr'><strong>Trinitate</strong></span> <span class='ocrx_word' id='word_1_71' title='bbox 371 1287 444 1344; x_wconf 76' lang='lat' dir='ltr'><strong>ritule</strong></span> <span class='ocrx_word' id='word_1_72' title='bbox 467 1283 618 1343; x_wconf 87' lang='lat' dir='ltr'><strong>videbatur</strong></span> <span class='ocrx_word' id='word_1_73' title='bbox 639 1283 834 1354; x_wconf 80' lang='lat' dir='ltr'><strong>sentire,sed</strong></span> <span class='ocrx_word' id='word_1_74' title='bbox 855 1284 918 1340; x_wconf 87' lang='lat' dir='ltr'><strong>istae</strong></span> <span class='ocrx_word' id='word_1_75' title='bbox 939 1297 1032 1354; x_wconf 77' lang='lat' dir='ltr'><strong>poenae</strong></span> <span class='ocrx_word' id='word_1_76' title='bbox 1054 1280 1192 1351; x_wconf 82' lang='lat' dir='ltr'><strong>capitales</strong></span> <span class='ocrx_word' id='word_1_77' title='bbox 1213 1297 1267 1338; x_wconf 90' lang='lat' dir='ltr'><strong>uon</strong></span> <span class='ocrx_word' id='word_1_78' title='bbox 1286 1295 1338 1352; x_wconf 87' lang='lat' dir='ltr'><strong>pos-</strong></span> 
     </span>
     <span class='ocr_line' id='line_1_10' title="bbox 208 1383 1338 1459; baseline -0.005 -13"><span class='ocrx_word' id='word_1_79' title='bbox 208 1396 275 1447; x_wconf 88' lang='lat' dir='ltr'><strong>sunt</strong></span> <span class='ocrx_word' id='word_1_80' title='bbox 295 1387 501 1459; x_wconf 87' lang='lat' dir='ltr'><strong>mibiplacere.</strong></span> <span class='ocrx_word' id='word_1_81' title='bbox 529 1386 596 1444; x_wconf 83' lang='lat' dir='ltr'><strong>Non</strong></span> <span class='ocrx_word' id='word_1_82' title='bbox 610 1385 801 1444; x_wconf 88' lang='lat' dir='ltr'><strong>inconsultum</strong></span> <span class='ocrx_word' id='word_1_83' title='bbox 820 1385 976 1452; x_wconf 88' lang='lat' dir='ltr'><strong>videretur,</strong></span> <span class='ocrx_word' id='word_1_84' title='bbox 999 1389 1038 1446; x_wconf 86' lang='lat' dir='ltr'><strong>ut.</strong></span> <span class='ocrx_word' id='word_1_85' title='bbox 1061 1385 1110 1458; x_wconf 90' lang='lat' dir='ltr'><strong>qui</strong></span> <span class='ocrx_word' id='word_1_86' title='bbox 1130 1390 1231 1455; x_wconf 89' lang='lat' dir='ltr'><strong>peccat</strong></span> <span class='ocrx_word' id='word_1_87' title='bbox 1250 1386 1277 1442; x_wconf 88' lang='lat' dir='ltr'><strong>iu</strong></span> <span class='ocrx_word' id='word_1_88' title='bbox 1295 1383 1338 1441; x_wconf 93' lang='lat' dir='ltr'><strong>boc</strong></span> 
     </span>
     <span class='ocr_line' id='line_1_11' title="bbox 207 1487 1338 1566; baseline -0.008 -14"><span class='ocrx_word' id='word_1_89' title='bbox 207 1508 325 1566; x_wconf 84' lang='lat' dir='ltr'><strong>genero,</strong></span> <span class='ocrx_word' id='word_1_90' title='bbox 346 1491 507 1550; x_wconf 79' lang='lat' dir='ltr'><strong>carceribus</strong></span> <span class='ocrx_word' id='word_1_91' title='bbox 528 1490 782 1562; x_wconf 83' lang='lat' dir='ltr'><strong>constringeretur,</strong></span> <span class='ocrx_word' id='word_1_92' title='bbox 805 1505 841 1547; x_wconf 91' lang='lat' dir='ltr'><strong>ue</strong></span> <span class='ocrx_word' id='word_1_93' title='bbox 860 1489 931 1547; x_wconf 91' lang='lat' dir='ltr'><strong>alios</strong></span> <span class='ocrx_word' id='word_1_94' title='bbox 947 1487 1087 1555; x_wconf 89' lang='lat' dir='ltr'><strong>inficeret,</strong></span> <span class='ocrx_word' id='word_1_95' title='bbox 1105 1489 1173 1546; x_wconf 92' lang='lat' dir='ltr'><strong>dum</strong></span> <span class='ocrx_word' id='word_1_96' title='bbox 1184 1488 1338 1548; x_wconf 86' lang='lat' dir='ltr'><strong>sententiam</strong></span> 
     </span>
     <span class='ocr_line' id='line_1_12' title="bbox 207 1594 1338 1666; baseline -0.006 -11"><span class='ocrx_word' id='word_1_97' title='bbox 207 1603 342 1656; x_wconf 87' lang='lat' dir='ltr'><strong>mutaret.</strong></span> <span class='ocrx_word' id='word_1_98' title='bbox 379 1595 513 1654; x_wconf 85' lang='lat' dir='ltr'><strong>Calvinus</strong></span> <span class='ocrx_word' id='word_1_99' title='bbox 534 1595 632 1653; x_wconf 90' lang='lat' dir='ltr'><strong>scribit</strong></span> <span class='ocrx_word' id='word_1_100' title='bbox 654 1594 793 1666; x_wconf 84' lang='lat' dir='ltr'><strong>Tigurum</strong></span> <span class='ocrx_word' id='word_1_101' title='bbox 814 1594 1038 1652; x_wconf 85' lang='lat' dir='ltr'><strong>ostentationem</strong></span> <span class='ocrx_word' id='word_1_102' title='bbox 1059 1594 1204 1666; x_wconf 89' lang='lat' dir='ltr'><strong>quandam</strong></span> <span class='ocrx_word' id='word_1_103' title='bbox 1224 1607 1338 1664; x_wconf 85' lang='lat' dir='ltr'><strong>permag-</strong></span> 
     </span>
     <span class='ocr_line' id='line_1_13' title="bbox 210 1697 1338 1773; baseline -0.006 -14"><span class='ocrx_word' id='word_1_104' title='bbox 210 1719 283 1773; x_wconf 91' lang='lat' dir='ltr'><strong>nam,</strong></span> <span class='ocrx_word' id='word_1_105' title='bbox 304 1706 349 1759; x_wconf 90' lang='lat' dir='ltr'><strong>tot</strong></span> <span class='ocrx_word' id='word_1_106' title='bbox 369 1718 431 1759; x_wconf 89' lang='lat' dir='ltr'><strong>esse</strong></span> <span class='ocrx_word' id='word_1_107' title='bbox 453 1700 577 1770; x_wconf 89' lang='lat' dir='ltr'><strong>scilieet,</strong></span> <span class='ocrx_word' id='word_1_108' title='bbox 603 1701 651 1771; x_wconf 89' lang='lat' dir='ltr'><strong>qui</strong></span> <span class='ocrx_word' id='word_1_109' title='bbox 679 1699 799 1772; x_wconf 87' lang='lat' dir='ltr'><strong>siugulis</strong></span> <span class='ocrx_word' id='word_1_110' title='bbox 823 1699 902 1756; x_wconf 89' lang='lat' dir='ltr'><strong>boris</strong></span> <span class='ocrx_word' id='word_1_111' title='bbox 922 1699 1036 1768; x_wconf 89' lang='lat' dir='ltr'><strong>pulsant</strong></span> <span class='ocrx_word' id='word_1_112' title='bbox 1064 1697 1101 1756; x_wconf 92' lang='lat' dir='ltr'><strong>ad</strong></span> <span class='ocrx_word' id='word_1_113' title='bbox 1123 1699 1187 1770; x_wconf 88' lang='lat' dir='ltr'><strong>ejus</strong></span> <span class='ocrx_word' id='word_1_114' title='bbox 1209 1697 1282 1755; x_wconf 89' lang='lat' dir='ltr'><strong>aedes</strong></span> <span class='ocrx_word' id='word_1_115' title='bbox 1299 1712 1338 1767; x_wconf 91' lang='lat' dir='ltr'><strong>pe·</strong></span> 
     </span>
     <span class='ocr_line' id='line_1_14' title="bbox 210 1801 1340 1875; baseline -0.008 -11"><span class='ocrx_word' id='word_1_116' title='bbox 210 1811 307 1864; x_wconf 88' lang='lat' dir='ltr'><strong>tentes</strong></span> <span class='ocrx_word' id='word_1_117' title='bbox 323 1804 557 1875; x_wconf 84' lang='lat' dir='ltr'><strong>concionatores,</strong></span> <span class='ocrx_word' id='word_1_118' title='bbox 584 1809 616 1860; x_wconf 92' lang='lat' dir='ltr'><strong>ut</strong></span> <span class='ocrx_word' id='word_1_119' title='bbox 637 1803 716 1874; x_wconf 90' lang='lat' dir='ltr'><strong>Papa</strong></span> <span class='ocrx_word' id='word_1_120' title='bbox 737 1821 792 1861; x_wconf 84' lang='lat' dir='ltr'><strong>riou</strong></span> <span class='ocrx_word' id='word_1_121' title='bbox 814 1809 858 1862; x_wconf 93' lang='lat' dir='ltr'><strong>tot</strong></span> <span class='ocrx_word' id='word_1_122' title='bbox 878 1802 999 1873; x_wconf 88' lang='lat' dir='ltr'><strong>babeat,</strong></span> <span class='ocrx_word' id='word_1_123' title='bbox 1028 1801 1076 1875; x_wconf 88' lang='lat' dir='ltr'><strong>qui</strong></span> <span class='ocrx_word' id='word_1_124' title='bbox 1105 1801 1221 1860; x_wconf 87' lang='lat' dir='ltr'><strong>missam</strong></span> <span class='ocrx_word' id='word_1_125' title='bbox 1247 1807 1340 1873; x_wconf 86' lang='lat' dir='ltr'><strong>petant.</strong></span> 
     </span>
     <span class='ocr_line' id='line_1_15' title="bbox 209 1907 1338 1982; baseline -0.008 -15"><span class='ocrx_word' id='word_1_126' title='bbox 209 1910 283 1969; x_wconf 90' lang='lat' dir='ltr'><strong>Illud</strong></span> <span class='ocrx_word' id='word_1_127' title='bbox 306 1916 350 1967; x_wconf 91' lang='lat' dir='ltr'><strong>est</strong></span> <span class='ocrx_word' id='word_1_128' title='bbox 370 1913 488 1978; x_wconf 88' lang='lat' dir='ltr'><strong>certum,</strong></span> <span class='ocrx_word' id='word_1_129' title='bbox 511 1907 586 1982; x_wconf 92' lang='lat' dir='ltr'><strong>quod</strong></span> <span class='ocrx_word' id='word_1_130' title='bbox 609 1908 654 1965; x_wconf 84' lang='lat' dir='ltr'><strong>uix</strong></span> <span class='ocrx_word' id='word_1_131' title='bbox 675 1907 837 1980; x_wconf 80' lang='lat' dir='ltr'><strong>admittitur</strong></span> <span class='ocrx_word' id='word_1_132' title='bbox 856 1908 886 1964; x_wconf 91' lang='lat' dir='ltr'><strong>in</strong></span> <span class='ocrx_word' id='word_1_133' title='bbox 900 1907 994 1966; x_wconf 87' lang='lat' dir='ltr'><strong>Gallia</strong></span> <span class='ocrx_word' id='word_1_134' title='bbox 1014 1907 1209 1977; x_wconf 85' lang='lat' dir='ltr'><strong>concionator,</strong></span> <span class='ocrx_word' id='word_1_135' title='bbox 1231 1908 1277 1980; x_wconf 91' lang='lat' dir='ltr'><strong>qui</strong></span> <span class='ocrx_word' id='word_1_136' title='bbox 1294 1921 1338 1964; x_wconf 90' lang='lat' dir='ltr'><strong>uon</strong></span> 
     </span>
     <span class='ocr_line' id='line_1_16' title="bbox 212 2006 1341 2083; baseline -0.005 -13"><span class='ocrx_word' id='word_1_137' title='bbox 212 2013 300 2072; x_wconf 86' lang='lat' dir='ltr'><strong>luerit</strong></span> <span class='ocrx_word' id='word_1_138' title='bbox 322 2031 338 2070; x_wconf 90' lang='lat' dir='ltr'><strong>a</strong></span> <span class='ocrx_word' id='word_1_139' title='bbox 361 2012 478 2070; x_wconf 79' lang='lat' dir='ltr'><strong>Calvino</strong></span> <span class='ocrx_word' id='word_1_140' title='bbox 500 2011 687 2079; x_wconf 86' lang='lat' dir='ltr'><strong>examinatus,</strong></span> <span class='ocrx_word' id='word_1_141' title='bbox 708 2015 758 2070; x_wconf 87' lang='lat' dir='ltr'><strong>aut</strong></span> <span class='ocrx_word' id='word_1_142' title='bbox 779 2011 802 2068; x_wconf 90' lang='lat' dir='ltr'><strong>si</strong></span> <span class='ocrx_word' id='word_1_143' title='bbox 818 2010 881 2083; x_wconf 90' lang='lat' dir='ltr'><strong>quis</strong></span> <span class='ocrx_word' id='word_1_144' title='bbox 896 2010 1020 2068; x_wconf 88' lang='lat' dir='ltr'><strong>voluerit</strong></span> <span class='ocrx_word' id='word_1_145' title='bbox 1031 2009 1189 2081; x_wconf 79' lang='lat' dir='ltr'><strong>praedicare</strong></span> <span class='ocrx_word' id='word_1_146' title='bbox 1205 2025 1256 2066; x_wconf 93' lang='lat' dir='ltr'><strong>nec</strong></span> <span class='ocrx_word' id='word_1_147' title='bbox 1268 2006 1341 2064; x_wconf 85' lang='lat' dir='ltr'><strong>luerit</strong></span> 
     </span>
     <span class='ocr_line' id='line_1_17' title="bbox 209 2111 1338 2190; baseline -0.007 -15"><span class='ocrx_word' id='word_1_148' title='bbox 209 2117 244 2176; x_wconf 88' lang='lat' dir='ltr'><strong>ab</strong></span> <span class='ocrx_word' id='word_1_149' title='bbox 266 2133 301 2175; x_wconf 90' lang='lat' dir='ltr'><strong>eo</strong></span> <span class='ocrx_word' id='word_1_150' title='bbox 321 2115 511 2190; x_wconf 81' lang='lat' dir='ltr'><strong>approbatae,</strong></span> <span class='ocrx_word' id='word_1_151' title='bbox 539 2119 590 2172; x_wconf 83' lang='lat' dir='ltr'><strong>aut</strong></span> <span class='ocrx_word' id='word_1_152' title='bbox 614 2113 759 2186; x_wconf 77' lang='lat' dir='ltr'><strong>reJieitur,</strong></span> <span class='ocrx_word' id='word_1_153' title='bbox 790 2120 842 2172; x_wconf 89' lang='lat' dir='ltr'><strong>aut</strong></span> <span class='ocrx_word' id='word_1_154' title='bbox 866 2130 922 2171; x_wconf 91' lang='lat' dir='ltr'><strong>non</strong></span> <span class='ocrx_word' id='word_1_155' title='bbox 944 2115 984 2171; x_wconf 90' lang='lat' dir='ltr'><strong>ita</strong></span> <span class='ocrx_word' id='word_1_156' title='bbox 1005 2115 1081 2172; x_wconf 87' lang='lat' dir='ltr'><strong>solet</strong></span> <span class='ocrx_word' id='word_1_157' title='bbox 1099 2112 1227 2170; x_wconf 85' lang='lat' dir='ltr'><strong>libenter</strong></span> <span class='ocrx_word' id='word_1_158' title='bbox 1245 2111 1338 2179; x_wconf 89' lang='lat' dir='ltr'><strong>audiri;</strong></span> 
     </span>
    </p>
   </div>
   <div class='ocr_carea' id='block_1_4' title="bbox 104 2216 1337 2290">
    <p class='ocr_par' dir='ltr' id='par_1_4' title="bbox 104 2216 1337 2290">
     <span class='ocr_line' id='line_1_18' title="bbox 104 2216 1337 2290; baseline -0.006 -11"><span class='ocrx_word' id='word_1_159' title='bbox 104 2263 107 2270; x_wconf 80' lang='lat'>-</span> <span class='ocrx_word' id='word_1_160' title='bbox 209 2221 271 2278; x_wconf 86' lang='lat' dir='ltr'><strong>baec</strong></span> <span class='ocrx_word' id='word_1_161' title='bbox 290 2220 327 2278; x_wconf 90' lang='lat' dir='ltr'><strong>ad</strong></span> <span class='ocrx_word' id='word_1_162' title='bbox 349 2236 393 2276; x_wconf 89' lang='lat' dir='ltr'><strong>me</strong></span> <span class='ocrx_word' id='word_1_163' title='bbox 414 2219 578 2277; x_wconf 88' lang='lat' dir='ltr'><strong>scribuntur</strong></span> <span class='ocrx_word' id='word_1_164' title='bbox 599 2226 628 2277; x_wconf 89' lang='lat' dir='ltr'><strong>et</strong></span> <span class='ocrx_word' id='word_1_165' title='bbox 648 2224 755 2290; x_wconf 89' lang='lat' dir='ltr'><strong>metuo,</strong></span> <span class='ocrx_word' id='word_1_166' title='bbox 778 2235 813 2277; x_wconf 89' lang='lat' dir='ltr'><strong>ne</strong></span> <span class='ocrx_word' id='word_1_167' title='bbox 834 2220 892 2277; x_wconf 87' lang='lat' dir='ltr'><strong>sint</strong></span> <span class='ocrx_word' id='word_1_168' title='bbox 907 2235 983 2289; x_wconf 88' lang='lat' dir='ltr'><strong>vera,</strong></span> <span class='ocrx_word' id='word_1_169' title='bbox 1006 2220 1064 2276; x_wconf 87' lang='lat' dir='ltr'><strong>tale</strong></span> <span class='ocrx_word' id='word_1_170' title='bbox 1086 2225 1131 2276; x_wconf 84' lang='lat' dir='ltr'><strong>esc</strong></span> <span class='ocrx_word' id='word_1_171' title='bbox 1151 2233 1242 2290; x_wconf 88' lang='lat' dir='ltr'><strong>genus</strong></span> <span class='ocrx_word' id='word_1_172' title='bbox 1261 2216 1337 2274; x_wconf 91' lang='lat' dir='ltr'><strong>homi·</strong></span> 
     </span>
    </p>
   </div>
   <div class='ocr_carea' id='block_1_5' title="bbox 209 2325 1340 3857">
    <p class='ocr_par' dir='ltr' id='par_1_5' title="bbox 210 2325 536 2396">
     <span class='ocr_line' id='line_1_19' title="bbox 210 2325 536 2396; baseline -0.006 -14"><span class='ocrx_word' id='word_1_173' title='bbox 210 2343 276 2383; x_wconf 92' lang='lat' dir='ltr'><strong>num</strong></span> <span class='ocrx_word' id='word_1_174' title='bbox 298 2332 328 2383; x_wconf 89' lang='lat' dir='ltr'><strong>et</strong></span> <span class='ocrx_word' id='word_1_175' title='bbox 348 2325 536 2396; x_wconf 88' lang='lat' dir='ltr'><strong>ingeniorum.</strong></span> 
     </span>
    </p>

    <p class='ocr_par' dir='ltr' id='par_1_6' title="bbox 209 2423 1340 3548">
     <span class='ocr_line' id='line_1_20' title="bbox 288 2423 1339 2499; baseline -0.009 -13"><span class='ocrx_word' id='word_1_176' title='bbox 288 2429 365 2486; x_wconf 85' lang='lat' dir='ltr'><strong>Nihil</strong></span> <span class='ocrx_word' id='word_1_177' title='bbox 385 2428 440 2487; x_wconf 87' lang='lat' dir='ltr'><strong>fuit</strong></span> <span class='ocrx_word' id='word_1_178' title='bbox 460 2446 478 2486; x_wconf 88' lang='lat' dir='ltr'><strong>a</strong></span> <span class='ocrx_word' id='word_1_179' title='bbox 499 2426 610 2485; x_wconf 89' lang='lat' dir='ltr'><strong>duobus</strong></span> <span class='ocrx_word' id='word_1_180' title='bbox 638 2425 699 2485; x_wconf 87' lang='lat' dir='ltr'><strong>fere</strong></span> <span class='ocrx_word' id='word_1_181' title='bbox 727 2426 810 2484; x_wconf 88' lang='lat' dir='ltr'><strong>annis</strong></span> <span class='ocrx_word' id='word_1_182' title='bbox 838 2426 995 2499; x_wconf 87' lang='lat' dir='ltr'><strong>quidquam</strong></span> <span class='ocrx_word' id='word_1_183' title='bbox 1022 2426 1171 2497; x_wconf 87' lang='lat' dir='ltr'><strong>auditum,</strong></span> <span class='ocrx_word' id='word_1_184' title='bbox 1204 2424 1278 2498; x_wconf 84' lang='lat' dir='ltr'><strong>quod</strong></span> <span class='ocrx_word' id='word_1_185' title='bbox 1295 2423 1339 2478; x_wconf 82' lang='lat' dir='ltr'><strong>Ve-</strong></span> 
     </span>
     <span class='ocr_line' id='line_1_21' title="bbox 209 2531 1338 2603; baseline -0.005 -11"><span class='ocrx_word' id='word_1_186' title='bbox 209 2534 294 2592; x_wconf 88' lang='lat' dir='ltr'><strong>netiis</strong></span> <span class='ocrx_word' id='word_1_187' title='bbox 315 2540 345 2592; x_wconf 88' lang='lat' dir='ltr'><strong>et</strong></span> <span class='ocrx_word' id='word_1_188' title='bbox 365 2533 522 2592; x_wconf 75' lang='lat' dir='ltr'><strong>Florentia</strong></span> <span class='ocrx_word' id='word_1_189' title='bbox 549 2534 608 2592; x_wconf 90' lang='lat' dir='ltr'><strong>ulla</strong></span> <span class='ocrx_word' id='word_1_190' title='bbox 635 2533 724 2591; x_wconf 86' lang='lat' dir='ltr'><strong>fuerit</strong></span> <span class='ocrx_word' id='word_1_191' title='bbox 751 2531 827 2592; x_wconf 85' lang='lat' dir='ltr'><strong>fucta</strong></span> <span class='ocrx_word' id='word_1_192' title='bbox 853 2535 882 2590; x_wconf 93' lang='lat' dir='ltr'><strong>iu</strong></span> <span class='ocrx_word' id='word_1_193' title='bbox 910 2537 1025 2591; x_wconf 87' lang='lat' dir='ltr'><strong>nostros</strong></span> <span class='ocrx_word' id='word_1_194' title='bbox 1045 2531 1151 2590; x_wconf 88' lang='lat' dir='ltr'><strong>fratres</strong></span> <span class='ocrx_word' id='word_1_195' title='bbox 1172 2531 1338 2603; x_wconf 74' lang='lat' dir='ltr'><strong>persecutio,</strong></span> 
     </span>
     <span class='ocr_line' id='line_1_22' title="bbox 210 2636 1339 2711; baseline -0.006 -16"><span class='ocrx_word' id='word_1_196' title='bbox 210 2655 285 2697; x_wconf 90' lang='lat' dir='ltr'><strong>nunc</strong></span> <span class='ocrx_word' id='word_1_197' title='bbox 305 2641 389 2711; x_wconf 90' lang='lat' dir='ltr'><strong>plane</strong></span> <span class='ocrx_word' id='word_1_198' title='bbox 410 2639 465 2698; x_wconf 85' lang='lat' dir='ltr'><strong>fuit</strong></span> <span class='ocrx_word' id='word_1_199' title='bbox 491 2640 662 2706; x_wconf 85' lang='lat' dir='ltr'><strong>exuscitata,</strong></span> <span class='ocrx_word' id='word_1_200' title='bbox 694 2656 758 2696; x_wconf 90' lang='lat' dir='ltr'><strong>nam</strong></span> <span class='ocrx_word' id='word_1_201' title='bbox 780 2638 911 2696; x_wconf 89' lang='lat' dir='ltr'><strong>Venetiis</strong></span> <span class='ocrx_word' id='word_1_202' title='bbox 937 2636 1130 2696; x_wconf 90' lang='lat' dir='ltr'><strong>condiderunt</strong></span> <span class='ocrx_word' id='word_1_203' title='bbox 1155 2638 1184 2694; x_wconf 90' lang='lat' dir='ltr'><strong>iu</strong></span> <span class='ocrx_word' id='word_1_204' title='bbox 1212 2649 1339 2694; x_wconf 85' lang='lat' dir='ltr'><strong>carcerem</strong></span> 
     </span>
     <span class='ocr_line' id='line_1_23' title="bbox 210 2741 1340 2816; baseline -0.006 -15"><span class='ocrx_word' id='word_1_205' title='bbox 210 2743 352 2816; x_wconf 88' lang='lat' dir='ltr'><strong>quendam</strong></span> <span class='ocrx_word' id='word_1_206' title='bbox 373 2760 428 2806; x_wconf 91' lang='lat' dir='ltr'><strong>non</strong></span> <span class='ocrx_word' id='word_1_207' title='bbox 450 2745 689 2802; x_wconf 91' lang='lat' dir='ltr'><strong>contemnendum</strong></span> <span class='ocrx_word' id='word_1_208' title='bbox 710 2745 802 2800; x_wconf 82' lang='lat' dir='ltr'><strong>uirum</strong></span> <span class='ocrx_word' id='word_1_209' title='bbox 822 2744 859 2801; x_wconf 95' lang='lat' dir='ltr'><strong>ob</strong></span> <span class='ocrx_word' id='word_1_210' title='bbox 880 2749 1006 2802; x_wconf 89' lang='lat' dir='ltr'><strong>nostram</strong></span> <span class='ocrx_word' id='word_1_211' title='bbox 1028 2743 1092 2800; x_wconf 92' lang='lat' dir='ltr'><strong>dico</strong></span> <span class='ocrx_word' id='word_1_212' title='bbox 1113 2741 1295 2814; x_wconf 82' lang='lat' dir='ltr'><strong>religionem,</strong></span> <span class='ocrx_word' id='word_1_213' title='bbox 1318 2743 1340 2794; x_wconf 90' lang='lat' dir='ltr'><strong>et</strong></span> 
     </span>
     <span class='ocr_line' id='line_1_24' title="bbox 210 2844 1339 2924; baseline -0.007 -18"><span class='ocrx_word' id='word_1_214' title='bbox 210 2849 338 2924; x_wconf 84' lang='lat' dir='ltr'><strong>profugit</strong></span> <span class='ocrx_word' id='word_1_215' title='bbox 370 2851 437 2908; x_wconf 91' lang='lat' dir='ltr'><strong>inde</strong></span> <span class='ocrx_word' id='word_1_216' title='bbox 467 2851 580 2923; x_wconf 91' lang='lat' dir='ltr'><strong>legatus</strong></span> <span class='ocrx_word' id='word_1_217' title='bbox 611 2851 691 2907; x_wconf 90' lang='lat' dir='ltr'><strong>ducis</strong></span> <span class='ocrx_word' id='word_1_218' title='bbox 718 2849 881 2908; x_wconf 88' lang='lat' dir='ltr'><strong>Florentini</strong></span> <span class='ocrx_word' id='word_1_219' title='bbox 907 2847 1022 2921; x_wconf 88' lang='lat' dir='ltr'><strong>quidam</strong></span> <span class='ocrx_word' id='word_1_220' title='bbox 1052 2847 1163 2905; x_wconf 87' lang='lat' dir='ltr'><strong>scilicet</strong></span> <span class='ocrx_word' id='word_1_221' title='bbox 1194 2846 1222 2902; x_wconf 94' lang='lat' dir='ltr'><strong>d.</strong></span> <span class='ocrx_word' id='word_1_222' title='bbox 1250 2844 1339 2920; x_wconf 81' lang='lat' dir='ltr'><strong>Petrus</strong></span> 
     </span>
     <span class='ocr_line' id='line_1_25' title="bbox 212 2948 1339 3026; baseline -0.007 -14"><span class='ocrx_word' id='word_1_223' title='bbox 212 2953 366 3013; x_wconf 77' lang='lat' dir='ltr'><strong>Gielidus²</strong></span> <span class='ocrx_word' id='word_1_224' title='bbox 386 2973 465 3014; x_wconf 91' lang='lat' dir='ltr'><strong>meus</strong></span> <span class='ocrx_word' id='word_1_225' title='bbox 487 2956 606 3026; x_wconf 87' lang='lat' dir='ltr'><strong>amicus,</strong></span> <span class='ocrx_word' id='word_1_226' title='bbox 638 2954 796 3012; x_wconf 85' lang='lat' dir='ltr'><strong>Florentiae</strong></span> <span class='ocrx_word' id='word_1_227' title='bbox 819 2969 887 3010; x_wconf 87' lang='lat' dir='ltr'><strong>vero</strong></span> <span class='ocrx_word' id='word_1_228' title='bbox 911 2955 945 3010; x_wconf 85' lang='grc'><strong>18</strong></span> <span class='ocrx_word' id='word_1_229' title='bbox 966 2951 1084 3010; x_wconf 82' lang='lat' dir='ltr'><strong>fuerunt</strong></span> <span class='ocrx_word' id='word_1_230' title='bbox 1105 2950 1191 3022; x_wconf 85' lang='lat' dir='ltr'><strong>capti.</strong></span> <span class='ocrx_word' id='word_1_231' title='bbox 1229 2950 1283 3006; x_wconf 86' lang='lat' dir='ltr'><strong>ltee</strong></span> <span class='ocrx_word' id='word_1_232' title='bbox 1301 2948 1339 3003; x_wconf 90' lang='lat' dir='ltr'><strong>ha·</strong></span> 
     </span>
     <span class='ocr_line' id='line_1_26' title="bbox 210 3051 1340 3134; baseline -0.009 -18"><span class='ocrx_word' id='word_1_233' title='bbox 210 3059 259 3117; x_wconf 89' lang='lat' dir='ltr'><strong>bet</strong></span> <span class='ocrx_word' id='word_1_234' title='bbox 270 3075 402 3132; x_wconf 87' lang='lat' dir='ltr'><strong>maguam</strong></span> <span class='ocrx_word' id='word_1_235' title='bbox 413 3058 658 3134; x_wconf 88' lang='lat' dir='ltr'><strong>significationem,</strong></span> <span class='ocrx_word' id='word_1_236' title='bbox 680 3058 755 3132; x_wconf 90' lang='lat' dir='ltr'><strong>quod</strong></span> <span class='ocrx_word' id='word_1_237' title='bbox 775 3065 898 3132; x_wconf 87' lang='lat' dir='ltr'><strong>utraque</strong></span> <span class='ocrx_word' id='word_1_238' title='bbox 918 3058 1018 3116; x_wconf 89' lang='lat' dir='ltr'><strong>civitas</strong></span> <span class='ocrx_word' id='word_1_239' title='bbox 1039 3057 1154 3114; x_wconf 88' lang='lat' dir='ltr'><strong>omniuo</strong></span> <span class='ocrx_word' id='word_1_240' title='bbox 1175 3051 1340 3113; x_wconf 89' lang='lat' dir='ltr'><strong>constituerit</strong></span> 
     </span>
     <span class='ocr_line' id='line_1_27' title="bbox 210 3159 1338 3238; baseline -0.01 -16"><span class='ocrx_word' id='word_1_241' title='bbox 210 3165 285 3222; x_wconf 90' lang='lat' dir='ltr'><strong>velle</strong></span> <span class='ocrx_word' id='word_1_242' title='bbox 306 3171 441 3237; x_wconf 89' lang='lat' dir='ltr'><strong>papatum</strong></span> <span class='ocrx_word' id='word_1_243' title='bbox 462 3170 639 3236; x_wconf 86' lang='lat' dir='ltr'><strong>sustentare,</strong></span> <span class='ocrx_word' id='word_1_244' title='bbox 669 3170 700 3222; x_wconf 94' lang='lat' dir='ltr'><strong>et</strong></span> <span class='ocrx_word' id='word_1_245' title='bbox 720 3163 885 3238; x_wconf 89' lang='lat' dir='ltr'><strong>nuperrime</strong></span> <span class='ocrx_word' id='word_1_246' title='bbox 905 3162 1091 3235; x_wconf 86' lang='lat' dir='ltr'><strong>promiserint</strong></span> <span class='ocrx_word' id='word_1_247' title='bbox 1111 3177 1164 3232; x_wconf 89' lang='lat' dir='ltr'><strong>pro</strong></span> <span class='ocrx_word' id='word_1_248' title='bbox 1186 3159 1338 3218; x_wconf 85' lang='lat' dir='ltr'><strong>executione</strong></span> 
     </span>
     <span class='ocr_line' id='line_1_28' title="bbox 211 3261 1337 3342; baseline -0.01 -14"><span class='ocrx_word' id='word_1_249' title='bbox 211 3269 324 3328; x_wconf 90' lang='lat' dir='ltr'><strong>concilii</strong></span> <span class='ocrx_word' id='word_1_250' title='bbox 347 3287 445 3328; x_wconf 90' lang='lat' dir='ltr'><strong>eorum</strong></span> <span class='ocrx_word' id='word_1_251' title='bbox 466 3285 583 3342; x_wconf 88' lang='lat' dir='ltr'><strong>operam</strong></span> <span class='ocrx_word' id='word_1_252' title='bbox 604 3275 690 3342; x_wconf 88' lang='lat' dir='ltr'><strong>atque</strong></span> <span class='ocrx_word' id='word_1_253' title='bbox 711 3269 879 3341; x_wconf 88' lang='lat' dir='ltr'><strong>potentiam,</strong></span> <span class='ocrx_word' id='word_1_254' title='bbox 901 3267 980 3325; x_wconf 87' lang='lat' dir='ltr'><strong>Deus</strong></span> <span class='ocrx_word' id='word_1_255' title='bbox 1001 3265 1153 3338; x_wconf 78' lang='lat' dir='ltr'><strong>adaperiet</strong></span> <span class='ocrx_word' id='word_1_256' title='bbox 1173 3265 1229 3322; x_wconf 92' lang='lat' dir='ltr'><strong>illis</strong></span> <span class='ocrx_word' id='word_1_257' title='bbox 1248 3261 1337 3320; x_wconf 91' lang='lat' dir='ltr'><strong>oculos.</strong></span> 
     </span>
     <span class='ocr_line' id='line_1_29' title="bbox 212 3363 1336 3440; baseline -0.011 -10"><span class='ocrx_word' id='word_1_258' title='bbox 212 3371 387 3430; x_wconf 79' lang='lat' dir='ltr'><strong>Commendo</strong></span> <span class='ocrx_word' id='word_1_259' title='bbox 408 3389 452 3430; x_wconf 87' lang='lat' dir='ltr'><strong>me</strong></span> <span class='ocrx_word' id='word_1_260' title='bbox 474 3371 678 3430; x_wconf 84' lang='lat' dir='ltr'><strong>Illustrissimae</strong></span> <span class='ocrx_word' id='word_1_261' title='bbox 700 3371 870 3430; x_wconf 87' lang='lat' dir='ltr'><strong>Celsitudini</strong></span> <span class='ocrx_word' id='word_1_262' title='bbox 886 3371 1009 3429; x_wconf 87' lang='lat' dir='ltr'><strong>Vestrae.</strong></span> <span class='ocrx_word' id='word_1_263' title='bbox 1051 3369 1154 3428; x_wconf 86' lang='lat' dir='ltr'><strong>Gratia</strong></span> <span class='ocrx_word' id='word_1_264' title='bbox 1181 3375 1211 3427; x_wconf 91' lang='lat' dir='ltr'><strong>et</strong></span> <span class='ocrx_word' id='word_1_265' title='bbox 1230 3382 1280 3440; x_wconf 84' lang='lat' dir='ltr'><strong>pax</strong></span> <span class='ocrx_word' id='word_1_266' title='bbox 1298 3363 1336 3420; x_wconf 92' lang='lat' dir='ltr'><strong>do-</strong></span> 
     </span>
     <span class='ocr_line' id='line_1_30' title="bbox 212 3475 891 3548; baseline -0.003 -14"><span class='ocrx_word' id='word_1_267' title='bbox 212 3477 280 3534; x_wconf 91' lang='lat' dir='ltr'><strong>mini</strong></span> <span class='ocrx_word' id='word_1_268' title='bbox 300 3476 392 3534; x_wconf 89' lang='lat' dir='ltr'><strong>nostri</strong></span> <span class='ocrx_word' id='word_1_269' title='bbox 412 3476 482 3534; x_wconf 86' lang='lat' dir='ltr'><strong>Jesu</strong></span> <span class='ocrx_word' id='word_1_270' title='bbox 504 3475 611 3534; x_wconf 83' lang='lat' dir='ltr'><strong>Obristi</strong></span> <span class='ocrx_word' id='word_1_271' title='bbox 631 3492 743 3548; x_wconf 91' lang='lat' dir='ltr'><strong>semper</strong></span> <span class='ocrx_word' id='word_1_272' title='bbox 763 3492 827 3532; x_wconf 91' lang='lat' dir='ltr'><strong>cum</strong></span> <span class='ocrx_word' id='word_1_273' title='bbox 848 3491 891 3532; x_wconf 89' lang='lat' dir='ltr'><strong>ea.</strong></span> 
     </span>
    </p>

    <p class='ocr_par' dir='ltr' id='par_1_7' title="bbox 289 3577 816 3651">
     <span class='ocr_line' id='line_1_31' title="bbox 289 3577 816 3651; baseline -0.006 -14"><span class='ocrx_word' id='word_1_274' title='bbox 289 3579 427 3651; x_wconf 81' lang='lat' dir='ltr'><strong>Tubiugae</strong></span> <span class='ocrx_word' id='word_1_275' title='bbox 449 3578 495 3635; x_wconf 88' lang='lat' dir='ltr'><strong>dic</strong></span> <span class='ocrx_word' id='word_1_276' title='bbox 517 3580 534 3636; x_wconf 87' lang='lat'>5</span> <span class='ocrx_word' id='word_1_277' title='bbox 557 3577 709 3636; x_wconf 84' lang='lat' dir='ltr'><strong>Februarii</strong></span> <span class='ocrx_word' id='word_1_278' title='bbox 733 3579 816 3640; x_wconf 79' lang='lat'>1562.</span> 
     </span>
    </p>

    <p class='ocr_par' dir='ltr' id='par_1_8' title="bbox 439 3679 1271 3857">
     <span class='ocr_line' id='line_1_32' title="bbox 439 3679 1125 3742; baseline -0.004 -3"><span class='ocrx_word' id='word_1_279' title='bbox 439 3683 643 3742; x_wconf 81' lang='lat' dir='ltr'><strong>Illustrissimae</strong></span> <span class='ocrx_word' id='word_1_280' title='bbox 665 3682 850 3740; x_wconf 79' lang='lat' dir='ltr'><strong>Celsitudiois</strong></span> <span class='ocrx_word' id='word_1_281' title='bbox 871 3682 981 3740; x_wconf 86' lang='lat' dir='ltr'><strong>Vestrae</strong></span> <span class='ocrx_word' id='word_1_282' title='bbox 1002 3679 1125 3738; x_wconf 89' lang='lat' dir='ltr'><strong>servitor</strong></span> 
     </span>
     <span class='ocr_line' id='line_1_33' title="bbox 1112 3785 1271 3857; baseline -0.025 -15"><span class='ocrx_word' id='word_1_283' title='bbox 1112 3785 1271 3857; x_wconf 90' lang='lat' dir='ltr'><strong>Vergerius.</strong></span> 
     </span>
    </p>
   </div>
   <div class='ocr_carea' id='block_1_6' title="bbox 283 3926 1333 4100">
    <p class='ocr_par' dir='ltr' id='par_1_9' title="bbox 283 3926 1333 4100">
     <span class='ocr_line' id='line_1_34' title="bbox 783 3926 798 3960; baseline 0 0"><span class='ocrx_word' id='word_1_284' title='bbox 783 3926 798 3960; x_wconf 71' lang='lat' dir='ltr'>s</span> 
     </span>
     <span class='ocr_line' id='line_1_35' title="bbox 283 4031 1333 4100; baseline -0.007 -10"><span class='ocrx_word' id='word_1_285' title='bbox 283 4041 292 4090; x_wconf 93' lang='lat' dir='ltr'><strong>l</strong></span> <span class='ocrx_word' id='word_1_286' title='bbox 316 4042 343 4091; x_wconf 76' lang='lat' dir='ltr'><strong>S.</strong></span> <span class='ocrx_word' id='word_1_287' title='bbox 364 4057 389 4090; x_wconf 92' lang='lat' dir='ltr'><strong>n.</strong></span> <span class='ocrx_word' id='word_1_288' title='bbox 412 4040 468 4092; x_wconf 79' lang='lat'>122.</span> <span class='ocrx_word' id='word_1_289' title='bbox 506 4039 643 4092; x_wconf 88' lang='lat' dir='ltr'><strong>Nikolaus</strong></span> <span class='ocrx_word' id='word_1_290' title='bbox 663 4039 697 4091; x_wconf 91' lang='lat' dir='ltr'><strong>de</strong></span> <span class='ocrx_word' id='word_1_291' title='bbox 717 4039 755 4091; x_wconf 87' lang='lat' dir='ltr'><strong>La</strong></span> <span class='ocrx_word' id='word_1_292' title='bbox 775 4038 869 4100; x_wconf 68' lang='lat' dir='ltr'><strong>croix,</strong></span> <span class='ocrx_word' id='word_1_293' title='bbox 895 4038 945 4091; x_wconf 80' lang='lat' dir='ltr'><strong>abt</strong></span> <span class='ocrx_word' id='word_1_294' title='bbox 964 4054 1017 4090; x_wconf 87' lang='lat' dir='ltr'><strong>von</strong></span> <span class='ocrx_word' id='word_1_295' title='bbox 1036 4036 1149 4099; x_wconf 72' lang='lat' dir='ltr'><strong>Orbem,</strong></span> <span class='ocrx_word' id='word_1_296' title='bbox 1168 4035 1256 4089; x_wconf 84' lang='lat' dir='ltr'><strong>wurde</strong></span> <span class='ocrx_word' id='word_1_297' title='bbox 1272 4031 1333 4082; x_wconf 77' lang='lat' dir='ltr'><strong>deun</strong></span> 
     </span>
    </p>
   </div>
   <div class='ocr_carea' id='block_1_7' title="bbox 212 4125 851 4268">
    <p class='ocr_par' dir='ltr' id='par_1_10' title="bbox 212 4125 851 4268">
     <span class='ocr_line' id='line_1_36' title="bbox 212 4125 851 4196; baseline 0.002 -20"><span class='ocrx_word' id='word_1_298' title='bbox 212 4126 415 4180; x_wconf 82' lang='lat' dir='ltr'><strong>l&#39;ranzdsiseher</strong></span> <span class='ocrx_word' id='word_1_299' title='bbox 434 4127 585 4196; x_wconf 81' lang='lat' dir='ltr'><strong>gesandter</strong></span> <span class='ocrx_word' id='word_1_300' title='bbox 602 4126 632 4178; x_wconf 87' lang='lat' dir='ltr'><strong>in</strong></span> <span class='ocrx_word' id='word_1_301' title='bbox 652 4127 701 4180; x_wconf 90' lang='lat' dir='ltr'><strong>der</strong></span> <span class='ocrx_word' id='word_1_302' title='bbox 719 4125 851 4180; x_wconf 78' lang='lat' dir='ltr'><strong>Schweiz.</strong></span> 
     </span>
     <span class='ocr_line' id='line_1_37' title="bbox 282 4213 453 4268; baseline -0.006 0"><span class='ocrx_word' id='word_1_303' title='bbox 282 4215 299 4268; x_wconf 78' lang='lat'><strong>2</strong></span> <span class='ocrx_word' id='word_1_304' title='bbox 318 4213 345 4267; x_wconf 85' lang='lat' dir='ltr'><strong>S.</strong></span> <span class='ocrx_word' id='word_1_305' title='bbox 365 4231 392 4267; x_wconf 89' lang='lat' dir='ltr'><strong>n.</strong></span> <span class='ocrx_word' id='word_1_306' title='bbox 413 4215 453 4268; x_wconf 83' lang='lat'><strong>17.</strong></span> 
     </span>
    </p>
   </div>
   <div class='ocr_carea' id='block_1_8' title="bbox 0 0 1427 5072">
    <p class='ocr_par' dir='ltr' id='par_1_11' title="bbox 0 0 1427 5072">
     <span class='ocr_line' id='line_1_38' title="bbox 0 0 1427 5072; baseline 0 0"><span class='ocrx_word' id='word_1_307' title='bbox 0 0 1427 5072; x_wconf 95' lang='lat' dir='ltr'><strong> </strong></span> 
     </span>
    </p>
   </div>
  </div>
 </body>
</html>
