2884 5074
782 375 844 436 470

240 555 268 606 cl
290 549 394 609 comite
417 551 452 608 dc
475 549 592 617 Namur,
616 548 680 605 hinc
702 565 754 620 per
775 547 913 606 Rhaetianr
936 552 1031 617 potest
1052 544 1169 604 offendi.
1241 555 1245 570 '

318 658 457 716 Dominus
478 659 599 730 legatae,
621 656 669 729 qui
690 655 813 728 dicebat,
836 673 892 713 nou
908 671 971 713 esse
987 655 1042 712 sibi
1056 671 1127 727 opus
1139 654 1299 725 provinciis,
1319 671 1372 726 que

239 781 293 820 non
316 768 434 835 possent
455 763 615 834 equitatum
636 761 790 830 adducere,
813 761 918 818 viderit
934 778 1016 831 nunc,
1039 777 1123 834 quem
1137 761 1295 833 equitatum
1310 777 1371 831 praa-

236 863 309 922 ierat
332 871 362 922 et
382 865 450 938 quid
470 864 586 922 tandem
607 871 712 937 speret.
755 845 970 934 Mini'videtur,
1000 866 1214 924 excusationem
1244 865 1371 939 quandam

236 967 333 1036 fuisse,
356 987 412 1042 qua
433 987 464 1027 se
487 973 578 1042 ipsnrn
600 969 756 1042 deciperet.
796 970 850 1028 Vix
871 986 906 1027 ex
928 971 987 1028 suis
1000 970 1120 1042 Alpibus
1141 976 1280 1042 poterunt
1299 972 1372 1028 avelli

239 1075 461 1142 dominiRhacti,
484 1075 552 1148 quid
573 1093 648 1134 nunc
670 1093 740 1148 opus
762 1085 814 1136 est.
837 1083 869 1134 ιιι
890 1077 925 1134 de
948 1077 1093 1149 equitibus
1115 1075 1296 1147 cogitemus?
1314 1077 1374 1132 Pro-

235 1175 310 1236 ludit
321 1179 517 1238 Mediolanum
538 1181 575 1236 ad
591 1181 646 1238 Xll
669 1181 764 1250 millia,
787 1198 843 1254 qua
864 1199 973 1239 summa
995 1181 1147 1239 dicendum
1169 1189 1223 1251 est,
1246 1199 1276 1239 se
1298 1187 1374 1239 totana

238 1283 389 1354 Rhaeticrn,
411 1302 441 1343 so
456 1285 599 1358 Hispanos
621 1292 707 1358 atque
731 1286 820 1343 Italos
840 1287 913 1343 lucri
935 1285 1047 1344 iecisse.
1080 1285 1114 1342 iu
1136 1302 1246 1343 summa
1267 1286 1374 1352 pessime

238 1387 358 1456 facturn,
386 1398 620 1463 contempserunt
641 1391 798 1464 prudentes
820 1391 884 1448 illos
906 1393 998 1456 viros,
1032 1387 1080 1460 qui
1102 1367 1244 1443 hactenus
1266 1384 1374 1442 Galliam

240 1501 270 1552 et
290 1511 420 1566 maguam
443 1495 535 1554 ltaliae
556 1503 667 1566 partem
689 1491 890 1551 defenderunt.

317 1595 518 1654 Adhibendurn
536 1604 614 1654 essct
629 1596 797 1666 remedium,
819 1612 988 1670 quamquam
1010 1597 1171 1654 serotinum
1186 1594 1315 1654 futurum
1334 1601 1375 1660 est,

241 1701 447 1773 qualecumque
469 1700 650 1772 adhibeatur,
673 1701 724 1758 sed
746 1707 841 1757 tamen
860 1699 1054 1757 adhibendum
1075 1706 1151 1758 esset
1174 1701 1376 1773 qualecumque,

243 1821 335 1877 neque
358 1813 433 1862 esset
456 1806 633 1862 cessandum.

319 1908 435 1966 Nullum
458 1926 526 1966 uero
548 1911 629 1966 adast
651 1909 824 1978 remedium,
855 1910 909 1966 nisi
937 1916 969 1968 ut
989 1909 1173 1967 rnrrltitudinc
1195 1910 1324 1982 pecuuiae
1341 1924 1379 1965 res

239 2019 400 2086 superetur.
442 2013 665 2084 Significandum
689 2013 836 2072 videretur
858 2013 1016 2071 Grulliarum
1038 2013 1162 2086 reginae,
1192 2031 1258 2085 quae
1286 2015 1378 2070 incom-

239 2121 323 2178 moda
344 2128 430 2194 atque
453 2120 556 2177 damna
577 2121 643 2178 inde
666 2122 850 2193 proueniant,
873 2137 936 2192 quac
958 2119 1129 2191 significatio
1149 2123 1246 2192 potest
1268 2136 1323 2176 non
1343 2134 1379 2174 so·

239 2223 297 2280 lum
319 2224 439 2296 litteris,
467 2225 516 2282 sed
540 2227 626 2284 certis
648 2227 756 2284 nurrtiis
778 2242 891 2298 quoque
913 2224 1077 2297 significari.
1120 2224 1193 2294 Scio,
1222 2241 1267 2280 ure
1292 2222 1379 2280 iecisse

240 2347 333 2387 merim
354 2328 478 2388 cilicium
501 2338 530 2388 ct
551 2331 676 2400 legatum
699 2347 775 2403 saepe
797 2331 920 2400 arsisse,
942 2337 975 2389 ut
995 2345 1077 2388 suum
1097 2328 1223 2390 faceret,
1252 2327 1379 2400 imprimis
1433 2345 1434 2408 ss

240 2448 275 2488 ne
297 2432 406 2490 sineret
426 2431 568 2490 ermliara
592 2434 661 2504 rapi,
684 2441 716 2492 ut
736 2440 819 2506 rapta
841 2441 885 2490 est
905 2451 922 2491 a
943 2433 1023 2505 Papa
1044 2440 1130 2508 atque
1151 2433 1298 2506 Philippo.
1433 2417 1434 2507 i

320 2536 401 2607 Quod
424 2538 446 2593 si
468 2537 573 2610 aliquis
594 2537 700 2595 dixerit.
720 2539 846 2608 iterum,
879 2556 934 2596 non
965 2555 1095 2610 magnam
1123 2537 1211 2596 luisse
1238 2538 1378 2610 jacturam.

241 2642 316 2715 quod
343 2642 463 2701 ducatus
475 2644 699 2701 Mediolanensis
718 2645 872 2702 contulerit
888 2643 941 2701 Xll
959 2645 1046 2714 mille,
1068 2642 1239 2714 respondeo,
1260 2656 1379 2714 magnam

240 2761 302 2804 esse
320 2748 471 2818 jacturam,
495 2750 570 2821 quod
592 2753 678 2808 semel
701 2753 739 2810 eit
759 2759 861 2824 aperta
881 2748 1147 2808 Mediolanensibus
1168 2751 1227 2820 via,
1250 2766 1308 2822 qua
1325 2764 1378 2820 pos-

240 2852 297 2909 sint
317 2858 480 2923 penetrarc‚
502 2869 559 2926 quo
580 2855 731 2913 voluerint.
774 2856 849 2924 Dixi,
872 2872 935 2927 quae
964 2854 1066 2914 sentio.
1108 2854 1306 2912 lllustrissima
1326 2852 1378 2909 Cel-

240 2956 335 3014 situdo
363 2957 468 3014 Vestra
499 2957 633 3029 dignetur
663 2958 791 3028 cogitare
820 2957 1041 3028 diligentissime
1070 2975 1122 3014 nec
1148 2957 1243 3014 sinere
1273 2957 1310 3030 (si
1328 2954 1379 3012 ficri

239 3060 347 3134 potest)
369 3061 515 3132 negotium
537 3064 641 3133 perire.
685 3063 833 3134 Objecerit
860 3063 923 3134 quis
950 3079 1057 3131 rursus,
1087 3063 1219 3132 exiguam
1248 3078 1311 3120 esse
1329 3061 1378 3132 jac·

239 3174 343 3232 turam,
365 3183 428 3224 cum
449 3167 552 3238 religio
573 3170 609 3224 sit
631 3169 717 3226 salva.
758 3167 872 3226 Utinam
895 3169 932 3226 sit
953 3169 1047 3224 salva!
1090 3167 1159 3225 Cum
1183 3167 1260 3224 cuim
1281 3165 1379 3223 Rhatta
1430 3229 1431 3248 ,

239 3271 343 3334 multos
363 3271 468 3329 habeat
489 3272 620 3346 (tertiam
641 3271 701 3330 iero
724 3273 848 3344 partem)
871 3291 934 3344 quae
955 3273 984 3329 in
1006 3273 1146 3344 religione
1167 3272 1314 3329 nobiscum
1335 3285 1378 3326 nou

242 3373 420 3443 consentiat,
452 3391 573 3445 canaque
600 3377 765 3446 contiguum
793 3376 830 3432 sit
851 3375 1067 3446 Mediolanum,
1097 3377 1184 3447 plane
1211 3377 1377 3449 papisticum.

241 3476 309 3534 data
331 3483 374 3536 est
395 3494 470 3534 nunc
492 3481 619 3550 occasio,
646 3498 702 3552 qua
723 3485 785 3538 tota
807 3480 921 3538 lilraetia
943 3489 1151 3554 corrumpatur.
1195 3481 1235 3540 Et
1255 3479 1320 3554 qaid
1338 3493 1378 3550 po·

241 3580 346 3638 tostin
368 3580 509 3652 religione
532 3584 699 3655 contingere
722 3582 870 3641 deterius?
950 3590 953 3596 '

321 3686 454 3758 Domine,
476 3687 599 3744 Domina
621 3687 727 3758 adjura
747 3691 814 3746 nos!
858 3690 930 3746 Nam
953 3688 1083 3761 prolecto
1105 3697 1157 3760 est,
1187 3692 1263 3764 quod
1283 3697 1377 3749 metua-

241 3807 311 3845 rnus.
354 3790 430 3846 Loco
454 3791 527 3848 cuim
550 3790 639 3848 firmae
661 3792 818 3864 religionis,
842 3811 905 3864 quae
929 3793 1043 3864 rigebat
1064 3795 1091 3852 in
1114 3795 1237 3861 lttaeua,
1258 3795 1375 3854 succedet
1428 3773 1429 3786 ἵ

243 3913 316 3953 nunc
337 3896 554 3968 corruptissima
582 3913 617 3954 ex
646 3898 782 3970 Hispania
812 3906 843 3964 et
864 3899 1040 3956 Mediolano.
1082 3899 1157 3972 Quid
1185 3902 1240 3959 erit
1267 3900 1375 3958 vendere

241 4001 418 4082 religionem,
440 4001 464 4058 si
486 4000 539 4060 hoc
561 4019 616 4059 nou
638 4001 703 4058 est?
746 4002 821 4072 Quid
844 4005 899 4060 erit
921 4003 1045 4061 Galliam
1066 4006 1271 4076 contempsisse
1292 4010 1319 4061 et
1335 4019 1374 4075 pe·

241 4105 324 4162 dibus
346 4105 535 4176 conculcasse,
559 4108 582 4164 si
605 4107 657 4164 lroc
680 4107 822 4166 nonest?
854 4108 1029 4166 Omiseram
1050 4107 1181 4174 Galliam,
1204 4127 1267 4182 quae
1287 4115 1325 4168 tot
1342 4108 1373 4162 la·
1427 4127 1428 4154 ι

231 4209 359 4267 ,boribus
380 4210 415 4267 ad
439 4227 535 4266 verarn
557 4210 727 4282 religionem
749 4228 779 4267 so
807 4213 1007 4283 proripuerat;
1039 4213 1096 4269 imo
1118 4229 1134 4268 o
1155 4215 1286 4270 miserum
1306 4212 1371 4269 Rue-

241 4312 318 4372 tiam.
340 4329 404 4386 quae
425 4312 481 4370 erit
501 4311 577 4370 t'acla
591 4313 727 4386 Hispanis
749 4321 777 4370 et
794 4314 959 4372 Mediolano
980 4317 1009 4372 in
1030 4332 1119 4386 prava
1140 4317 1279 4390 religione
1299 4315 1368 4374 soria!

321 4416 350 4472 Si
373 4417 447 4488 quod
471 4423 514 4474 est
535 4417 708 4492 remedium,
731 4435 787 4474 noa
809 4434 909 4478 recuso
931 4436 1030 4478 omncs
1050 4419 1166 4479 labores
1186 4427 1272 4494 atque
1292 4431 1369 4479 omues
