2910 5080
83 383 144 439 1⁵⁵3
614 389 654 450 47

78 571 146 629 rann,
172 554 230 616 iore
250 564 282 615 ιι
301 563 454 630 utrumqne
482 556 626 628 potuisset
645 553 703 614 XX
724 551 826 612 diebus
846 551 1007 614 absolvere.
1047 555 1121 617 Mihi
1140 573 1210 618 vero

79 677 162 734 nsque
180 661 237 720 nlla
255 678 336 722 mora
355 662 478 722 moleste
498 666 543 720 eat
562 675 656 732 neque
677 659 753 718 nilus
773 657 870 726 labor,
898 657 1052 719 dummodo
1081 669 1212 736 emergat

77 765 159 837 glorie
178 763 282 826 domini
303 767 359 825 Dei
379 768 445 826 mei.

144 869 227 928 Mitto
247 871 335 930 etiam
355 869 569 945 pretationem,
596 883 681 942 qnam
701 866 798 942 cogito
819 863 940 942 aibgere
960 873 1028 928 ente
1049 876 1209 944 syntagma.

78 973 108 1031 D.
126 973 281 1034 volmarius
293 973 312 1046 ⁸,
333 990 414 1033 meos
434 973 598 1034 carissimus
618 973 730 1046 hospes,
755 977 842 1044 atque
863 970 939 1029 idern
961 971 1046 1032 velde
1067 973 1158 1034 bonus
1179 983 1209 1036 et

77 1076 192 1149 prodens
208 1079 252 1136 vir
272 1094 329 1137 non
349 1079 495 1138 recusavit
511 1076 648 1150 laborem,
670 1075 802 1136 vertendi
813 1080 925 1134 tantum
936 1076 966 1133 in
978 1075 1054 1136 hune
1065 1093 1158 1152 usam,
1176 1087 1209 1140 at

79 1181 170 1240 Vestra
181 1181 374 1252 illustrissima
383 1182 548 1242 Dominatio
560 1183 651 1256 possit
663 1197 725 1240 eam
737 1181 902 1256 degustare.
923 1179 1120 1242 Vehementer
1128 1186 1212 1258 onpio

76 1281 169 1343 hebere
184 1287 421 1358 protestationem
436 1285 513 1356 regis
523 1283 682 1342 Gothorum
703 1280 810 1342 iactum
829 1281 860 1341 in
881 1283 1003 1344 oonsilio
1019 1285 1179 1346 tridentino
1187 1287 1207 1346 ⁴.

75 1387 137 1460 Ejns
156 1391 316 1464 exemplum
336 1394 407 1462 puto
428 1404 492 1448 esse
517 1389 547 1446 in
567 1388 672 1446 Vestro
700 1387 832 1460 archivo,
864 1389 933 1462 quin
958 1387 1111 1450 affirmavit
1138 1391 1209 1451 mibi

74 1490 97 1550 d.
107 1491 262 1566 Brentins⁵‚
275 1494 458 1554 omninoillio
468 1509 547 1566 esse3
564 1499 741 1568 quapropter
751 1491 890 1568 supplico,
901 1493 1013 1554 Vestrae
1028 1493 1207 1564 celsitudini,

74 1603 101 1654 ut
114 1599 209 1670 jnbeet
229 1601 322 1673 qneeri
343 1604 373 1658 et
393 1598 431 1658 ed
450 1614 496 1657 me
517 1599 615 1657 stetim
634 1599 727 1670 mitti,
748 1603 780 1657 nt
800 1599 906 1670 possim
927 1601 970 1658 nti
991 1615 1066 1660 nuno
1085 1599 1124 1658 ab
1143 1599 1225 1673 Ιιιιι-Ι

76 1700 130 1760 dem
148 1701 208 1762 Dei.
249 1703 348 1762 Audio
375 1718 473 1762 mense
495 1703 627 1778 Angusto
655 1699 754 1762 intnrs
781 1701 897 1762 comitia
916 1703 1019 1764 Uhnae
1031 1703 1051 1778 ⁸,
1084 1712 1114 1765 et
1140 1707 1208 1780 quia

73 1804 179 1865 forsitan
198 1807 374 1868 tractabitur
393 1807 454 1867 illic
474 1807 583 1882 aliquid
604 1809 633 1865 in
656 1824 742 1866 censs
770 1807 934 1884 religionis,
963 1825 1137 1884 magnopere
1158 1827 1207 1870 eu·
1312 1844 1314 1850 ·

73 1925 156 1982 peren
180 1929 214 1970 eo
243 1919 376 1984 tompore
403 1911 471 1970 illue
495 1928 531 1970 ex
557 1906 672 1972 Rbaetia
700 1912 799 1970 venire
829 1913 882 1971 sub
908 1911 1006 1986 oliqno
1033 1913 1206 1986 praenest-11².

74 2013 149 2074 Noiit
174 2018 248 2074 enim
270 2016 336 2076 Tua
356 2015 520 2084 Celsitndo,
548 2015 690 2088 quomodo
718 2015 748 2073 in
778 2017 900 2076 comitiis
929 2017 1098 2090 augustanis
1124 2017 1212 2076 multi

73 2115 168 2178 inerint
188 2118 306 2192 decepti
327 2118 380 2178 snb
400 2117 522 2192 quadem
544 2125 666 2176 externe
686 2095 782 2192 speeie
811 2119 949 2178 bonorum
977 2120 1129 2180 verborum
1158 2122 1207 2198 (aa

75 2219 180 2282 historia
204 2224 295 2283 eham
316 2222 428 2296 inipso
448 2227 629 2298 syntagmate
649 2221 811 2299 recitator).
853 2223 884 2282 Si
901 2232 974 2298 'ergo
999 2232 1070 2287 tone
1089 2241 1144 2300 ego
1164 2224 1208 2288 ai·

72 2325 191 2402 inissem,
216 2326 377 2404 potuissem
397 2327 525 2387 indicere
547 2333 577 2388 et
596 2326 783 2388 manifestare
811 2343 910 2387 omnes
936 2329 1001 2390 ilias
1028 2333 1150 2392 astutias
1177 2337 1208 2390 et

623 2430 638 2464 ’k

127 2509 289 2566 3Melohior
297 2507 413 2564 Volmar
421 2503 504 2572 Roth,
516 2507 580 2578 gob.
593 2507 659 2561 1497
664 2505 700 2569 ,ιιι
710 2505 853 2572 Rottweil,
867 2501 1004 2566 s'tndierte
1012 2507 1044 2563 in
1053 2509 1205 2582 Tibingen
1291 2498 1295 2509 ’

70 2596 119 2650 und
135 2595 229 2661 Poris,
258 2595 357 2650 wurde
375 2593 513 2665 professor
538 2594 587 2650 der
605 2593 797 2664 griechischen
815 2594 931 2664 spraohe
949 2595 979 2652 in
998 2595 1122 2667 Bourges
1148 2597 1205 2651 und

69 2681 122 2736 dort
143 2684 190 2739 der
214 2683 311 2738 lehrer
335 2699 390 2737 von
409 2681 508 2736 Oalvin
532 2680 590 2735 und
608 2681 694 2746 Beza3
722 2697 820 2752 wegen
845 2681 936 2736 eeiner
959 2682 1137 2753 hinneigung
1155 2701 1204 2738 zur

68 2767 251 2835 reformabor,
283 2768 330 2824 die
355 2785 385 2824 er
409 2769 482 2824 euob
515 2767 609 2823 seinen
633 2769 760 2825 sobtilern
785 2766 931 2830 emittite,
961 2767 1067 2824 verhiess
1086 2785 1116 2824 er
1136 2771 1204 2826 1535

68 2853 225 2912 h'rankreieh
244 2857 306 2916 ond
318 2857 471 2913 kenrnoeh
481 2843 631 2927 Tibingen
643 2857 684 2911 als
696 2856 833 2928 professor
845 2855 896 2912 der
908 2855 1012 2912 reohte'.
1049 2857 1104 2912 Der
1118 2858 1203 2924 ieine,

70 2941 213 3009 gebildeie,
232 2945 264 2999 in
283 2944 387 3000 behem
406 2944 527 3000 snsehen
551 2943 685 3000 stehende
703 2961 789 2998 mann
808 2944 903 2998 werde
921 2960 975 3000 von
994 2943 1047 3000 den
1065 2945 1204 3016 hernogen

69 3016 157 3086 Uirieh'
169 3033 227 3086 und
238 3031 392 3104 christoph
408 3031 554 3088 mehrfooh
572 3031 627 3086 mit
639 3031 793 3101 wiohtigen
812 3031 1065 3102 staatsgesohiiten
1083 3033 1220 3100 betrsut„

69 3118 98 3170 Er
113 3123 223 3183 starbi
260 3125 278 3181 i
299 3119 329 3174 in
349 3121 424 3192 Isny,
443 3139 465 3174 s.
484 3120 644 3184 estsuper,
663 3119 881 3188 eributerungen
899 3119 948 3173 361
963 3119 992 3172 ff.
1029 3119 1203 3192 Ruekgaber,

68 3203 234 3274 geschichte
265 3196 293 3264 'r
318 3207 405 3264 ireien
430 3205 598 3263 reiohsstadt
626 3207 764 3262 Rothweil
790 3207 840 3260 eb.
865 3207 918 3261 494
936 3205 964 3260 ff.
1001 3207 1105 3272 Baum,
1132 3207 1206 3264 Beza

66 3289 82 3352 Ι,
102 3294 129 3346 11
147 3295 175 3348 ff.
546 3328 547 3332 =
802 3307 811 3322 ”

124 3381 140 3433 4
157 3367 346 3452 PspstJulius
356 3381 396 3434 III
409 3381 489 3436 hatte
504 3383 569 3437 1551
588 3382 643 3437 den
655 3382 757 3452 herzog
767 3381 882 3438 Ottavio
894 3381 1014 3436 Farnese
1032 3397 1086 3436 von
1103 3367 1204 3436 Parma

66 3463 192 3538 bebriegt,
213 3469 306 3524 dieser
318 3469 412 3524 stellte
431 3467 490 3524 sioh
509 3471 591 3524 untes
605 3471 660 3525 den
678 3467 967 3524 sohntsFrsnkreiehs
988 3469 1045 3522 und
1063 3483 1092 3522 so
1111 3469 1206 3523 surde

66 3550 185 3610 Heinrich
201 3556 229 3610 Π
248 3554 338 3610 selbst
355 3554 385 3608 in
404 3554 486 3628 einen
503 3555 586 3626 krieg
606 3555 658 3610 mit
671 3555 734 3611 dem
754 3555 840 3625 popei
864 3550 1044 3619 verwiokelt;
1071 3553 1102 3608 in
1129 3554 1205 3626 iolge

66 3638 146 3696 baron
170 3643 336 3712 protestirte
363 3659 393 3696 er
418 3659 509 3713 gegen
535 3643 585 3697 das
610 3642 661 3696 suf
684 3645 697 3696 l
722 3641 881 3712 september
908 3642 973 3696 1551
1003 3640 1108 3695 wieder
1131 3641 1204 3696 naoh

66 3723 149 3782 Trient
166 3715 419 3799 ansgesohriehene
436 3729 525 3785 oonoil
549 3730 591 3784 sis
616 3728 694 3784 nieht
713 3729 904 3784 bkumenisoh.
941 3727 992 3783 Die
1015 3729 1203 3798 protestationi

67 3813 184 3870 nitrien
208 3816 346 3872 weiteren
374 3817 545 3885 maessegeln
573 3816 614 3870 sle
642 3815 721 3870 edikt
747 3832 802 3870 von
827 3814 1050 3870 Fontainebleeu
1077 3813 1204 3884 bekannt
1261 3816 1263 3821 ’

67 3898 245 3970 eseptembsr
267 3903 346 3967 1551,
365 3902 517 3968 eseliau,
537 3901 699 3974 gesohiohte
717 3901 765 3957 des
782 3901 1026 3972 protestantismns
1045 3901 1075 3954 in
1094 3901 1202 3956 Frank·

66 3987 131 4042 reich
149 3991 225 4046 1855.
244 3991 266 4056 I,
285 3991 338 4045 226
356 3991 375 4044 f.

125 4078 139 4129 5
156 4077 301 4132 Johennes
314 4077 410 4141 Brenn,
431 4077 480 4132 ber
492 4077 659 4132 reformator
669 4076 902 4148 Wiirttembergs,
923 4075 986 4146 geb.
1000 4075 1110 4131 ieiuni
1128 4075 1202 4139 1499,

66 4161 121 4224 tll
140 4162 305 4233 September
331 4165 407 4218 1570.
444 4165 552 4220 damals
578 4163 753 4234 stistspropst
779 4164 808 4218 in
834 4163 992 4232 stuttgari3
1018 4161 1047 4216 in
1074 4161 1202 4216 kirchen

67 4247 155 4302 taoben
172 4250 276 4319 herzog
296 4250 459 4322 christophe
477 4251 572 4308 reehte
594 4252 681 4306 hand.
935 4251 937 4256 ’

125 4336 141 4388 6
157 4336 212 4391 Der
230 4337 410 4406 slljiihrliohe
429 4339 556 4408 kreisteg
574 4339 622 4422 des
641 4338 852 4394 sehwhbisehen
870 4337 984 4393 kreiees.

127 4423 141 4474 t
159 4421 219 4478 hies
237 4425 386 4494 prestextu.
