2862 5080
66 375 131 432 15⁸3
607 383 668 443 395

63 550 111 624 qui
131 567 163 610 se
183 551 333 610 humiliter
351 557 382 610 et
406 567 442 609 ex
467 551 561 610 animo
582 551 695 610 vestre
716 550 920 610 litostrissinae
942 549 1112 611 celsitudini
1133 563 1208 610 eom-

65 655 184 714 meudat
203 660 343 730 tantaque
363 653 554 724 observantie,
576 661 684 730 quanta
704 654 751 713 le
772 654 828 714 diri
848 653 948 728 possit.

138 757 243 828 Audio,
260 759 442 820 recruduisse
456 766 603 820 certamen
616 759 783 833 Hyeronimi
795 760 920 819 21111111ι
933 761 1109 833 druentium,
1131 759 1210 835 quod

60 864 190 938 previdi.
222 865 351 934 Faciam,
375 863 452 938 quod
465 871 576 941 potero,
600 879 780 922 namuurum
801 865 856 938 ipsi
876 864 986 940 loquar.
1018 863 1076 924 Sed
1097 879 1209 937 vereor,

61 985 98 1027 ne
119 969 159 1030 sit
178 983 250 1043 opus
269 968 389 1042 publicis
410 967 580 1039 hominibus,
602 969 725 1042 quirem
738 974 873 1042 tractent,
895 985 948 1044 ego
964 971 989 1028 si
1004 969 1071 1044 quid
1084 983 1208 1043 possem,

59 1071 152 1134 offero
172 1089 265 1132 meam
287 1089 404 1146 operam
424 1081 455 1134 et
474 1089 567 1148 spero,
589 1089 634 1132 me
655 1079 784 1133 acturum
806 1090 868 1132 esse
883 1073 1017 1146 fideliter,
1039 1073 1090 1134 sed
1111 1079 1207 1132 tamen

60 1194 118 1236 non
151 1177 287 1236 desistam
317 1178 452 1250 privatim
482 1177 593 1251 aliquid
623 1193 720 1251 agere.
761 1178 936 1238 Commendo
967 1179 1013 1237 mh
1040 1172 1210 1238 revehenter

58 1282 174 1341 Vestra
194 1281 364 1342 celsitudini
385 1281 597 1341 illustrissime.
636 1281 724 1341 Pater
744 1283 869 1342 coelestis
889 1289 995 1356 augeat
1014 1283 1057 1342 illi
1078 1299 1144 1343 euos
1165 1281 1208 1342 di·

58 1386 143 1446 vinos
163 1387 324 1459 thesauros,
346 1387 479 1461 spiritum
500 1393 530 1444 et
549 1385 634 1446 fldem
656 1403 709 1461 per
730 1387 885 1447 Christum.

139 1490 336 1550 Marsohalaus
356 1489 543 1550 illustrissimi
564 1489 733 1564 Radrlvilll‚
761 1491 815 1550 hoe
835 1498 881 1551 est
902 1491 1126 1552 Maokouesehlri
1146 1497 1211 1550 erat

58 1597 96 1655 sd
117 1595 345 1655 illustrissimam
364 1595 570 1656 celsitudinem
588 1596 723 1657 Vestrum
740 1603 892 1669 ventorum
914 1613 979 1655 nam
1000 1598 1029 1656 in
1048 1596 1211 1656 Lituaniam

57 1700 264 1773 proficientem
286 1701 419 1775 quoniam
437 1717 505 1759 vero
527 1699 634 1772 dubito,
658 1717 724 1758 num
744 1701 796 1758 sim
817 1701 897 1758 illum
919 1699 1030 1758 obviam
1052 1698 1210 1766 habiturus,

58 1807 145 1864 mitto
166 1804 280 1863 litteras
300 1804 347 1862 hio
366 1805 532 1878 adjunctas,
554 1821 624 1876 quas
644 1804 842 1863 illustrissima
864 1802 1013 1863 celsitado
1035 1802 1140 1862 Vestra
1159 1818 1212 1876 per

60 1910 156 1982 ipsum
177 1909 207 1966 in
229 1909 393 1967 Lituaniam
412 1907 535 1982 perferri
557 1906 732 1979 dignabitur.

139 2012 279 2084 Tubingae
300 2014 318 2070 8
339 2011 386 2070 die
407 2009 584 2084 Septembris
603 2027 678 2069 auno
701 2011 785 2070 1563.

290 2113 494 2174 illustrissimae
516 2113 702 2174 Oelsitudinis
725 2115 836 2174 Vastrae
855 2115 979 2174 servitor

964 2219 1132 2292 Vergerius.

606 2422 670 2480 188.

366 2509 491 2620 Verger
513 2555 556 2599 an
578 2534 699 2619 herzog
722 2531 906 2620 Ohrisboph.

380 2647 530 2720 Tbbiugon
552 2650 591 2705 24
611 2647 783 2721 September
806 2649 890 2706 1563.

129 2747 326 2804 Naohriehheu
345 2748 414 2805 dher
432 2749 562 2806 Radziril
583 2750 638 2804 und
658 2749 769 2806 Zanuhi.

139 2848 335 2907 Illustrissime
356 2849 494 2922 Princeps
516 2855 546 2908 et
566 2850 689 2907 Domine
710 2849 832 2908 Domine
853 2847 1096 2906 clementissime!

137 2952 226 3010 Redii
246 2950 309 3010 heri
330 2952 526 3024 Argentorato
547 2954 575 3010 in
596 2953 711 3010 nomine
725 2953 850 3010 Domini.
881 2951 1003 3010 illustris
1024 2951 1080 3008 111111
1093 2949 1210 3008 Radvil·

54 3055 129 3114 lus⁸
150 3058 249 3115 senior
270 3054 344 3114 bene
365 3058 452 3128 valet,
473 3073 561 3131 seque
583 3057 763 3116 commendat
784 3063 966 3128 reverenter,
988 3056 1049 3115 illio
1070 3055 1141 3114 bene
1162 3071 1211 3113 va·

53 3165 121 3221 lent
144 3179 253 3220 omnes.
295 3160 389 3220 Causa
410 3163 580 3234 Hieronymi
600 3161 731 3222 Zenobi⁸
752 3162 888 3234 expedita
909 3167 969 3233 est,
1000 3166 1113 3220 mortuo
1136 3160 1213 3219 enim

132 3381 146 3432 l
169 3375 357 3450 Hieronymus
371 3377 475 3436 Zanehi
498 3396 547 3432 uus
560 3379 665 3434 Alauna
681 3379 737 3448 (bei
751 3379 910 3448 Bergamo)‚
930 3379 993 3448 geb.
1007 3379 1082 3441 1516,
1100 3376 1212 3432 maehte

53 3467 137 3523 seine
147 3465 260 3521 studien
273 3465 303 3519 in
314 3465 451 3536 Bergamo
464 3465 523 3519 und
533 3466 689 3520 wurdevmit
700 3467 793 3522 Celsus
804 3467 983 3538 Martiasngo
992 3464 1084 3534 (nieht
1093 3463 1213 3532 Ulysses,

53 3554 100 3608 br.
123 3553 189 3624 181)
207 3554 265 3608 und
278 3554 362 3608 Peter
374 3553 483 3622 Martyr
501 3553 575 3622 (123)
592 3555 729 3617 bekannt,
748 3555 806 3608 und
820 3553 906 3609 dureh
920 3553 959 3608 sie
971 3553 1020 3608 der
1032 3549 1213 3606 reformatiou

52 3637 246 3714 augewahdt;
265 3641 318 3695 mit
337 3641 401 3696 dem
419 3641 553 3696 letzteren
566 3641 673 3710 verliefl
686 3659 716 3696 er
728 3641 832 3703 italien
852 3641 911 3694 und
929 3640 1022 3711 hegeh
1042 3637 1100 3693 sieh
1118 3637 1148 3691 in
1168 3637 1213 3690 die

52 3729 201 3791 Schweiz;
230 3729 320 3782 duroh
338 3715 460 3798 Martyrs
481 3728 666 3799 ver-mittlung
684 3729 780 3783 wlurde
800 3747 830 3782 er
848 3729 921 3784 uaeh
939 3726 1071 3797 England
1089 3723 1213 3787 heruteu,

51 3816 127 3871 luam
148 3815 226 3870 dann
246 3815 763 3884 155311111111111111111111011311
787 3816 860 3871 nauh
880 3814 1053 3883 Strassbur33
1078 3813 1142 3868 dort
1166 3812 1215 3865 be·

51 3905 128 3958 kam
148 3920 179 3957 er
198 3903 251 3956 mit
269 3903 403 3958 Mathaeh
422 3901 504 3956 streit
521 3903 592 3956 iiber
614 3903 659 3956 die
683 3903 921 3972 pridestination,
949 3902 1019 3973 ging
1047 3901 1115 3956 1563
1140 3898 1214 3953 naeh

50 3990 229 4046 Chiavenna
248 3990 290 4044 als
307 3990 416 4060 pfarrer
426 4011 433 4055 ;
453 3990 520 4044 1561
540 3990 635 4044 wurde
654 4007 683 4045 er
701 3989 839 4060 professor
855 3991 885 4044 in
899 3988 1078 4058 Heidelberg,
1098 3987 1166 4042 aber
1184 4002 1215 4040 11

49 4079 194 4148 entsagte
221 4077 327 4132 seinem
355 4077 551 4132 wanderleben
579 4077 671 4143 nieht;
702 4095 732 4132 er
759 4079 852 4134 wnrde
880 4077 1044 4148 geistiieher
1069 4075 1098 4129 iu
1126 4075 1212 4144 hyon,

48 4168 159 4238 apaten
186 4165 217 4220 in
242 4167 430 4237 Antwerpen,
458 4165 596 4235 professor
623 4165 652 4218 in
677 4165 790 4234 heyden
818 4165 876 4219 und
905 4163 982 4218 sterb
1010 4163 1087 4218 1590.
1123 4163 1149 4218 8.
1174 4161 1214 4216 111.

47 4273 80 4308 n.
106 4252 172 4308 188.
192 4253 253 4307 244.

132 4340 195 4396 28.
217 4357 244 4394 n.
266 4341 324 4396 187.

132 4427 189 4481 31.
208 4446 234 4482 1.
256 4427 314 4482 187.
351 4428 503 4494 hiemandi,
521 4433 537 4498 †
556 4431 588 4487 31
608 4428 666 4483 Juli
685 4429 761 4484 1563.
