<?xml version="1.0" encoding="UTF-8"?>
<!DOCTYPE html PUBLIC "-//W3C//DTD XHTML 1.0 Transitional//EN"
    "http://www.w3.org/TR/xhtml1/DTD/xhtml1-transitional.dtd">
<html xmlns="http://www.w3.org/1999/xhtml" xml:lang="en" lang="en">
 <head>
  <title>
</title>
<meta http-equiv="Content-Type" content="text/html;charset=utf-8" />
  <meta name='ocr-system' content='tesseract 3.04.00' />
  <meta name='ocr-capabilities' content='ocr_page ocr_carea ocr_par ocr_line ocrx_word'/>
</head>
<body>
  <div class='ocr_page' id='page_1' title='image "./briefwechselzwi01verggoog/briefwechselzwi01verggoog_0408.png"; bbox 0 0 2862 5080; ppageno 0'>
   <div class='ocr_carea' id='block_1_1' title="bbox 55 379 656 446">
    <p class='ocr_par' dir='ltr' id='par_1_1' title="bbox 55 379 656 446">
     <span class='ocr_line' id='line_1_1' title="bbox 55 379 656 446; baseline 0.02 -12"><span class='ocrx_word' id='word_1_1' title='bbox 55 379 123 436; x_wconf 78' lang='lat'>1563</span> <span class='ocrx_word' id='word_1_2' title='bbox 595 383 656 446; x_wconf 82' lang='lat'><strong>397</strong></span> 
     </span>
    </p>
   </div>
   <div class='ocr_carea' id='block_1_2' title="bbox 48 551 1227 3546">
    <p class='ocr_par' dir='ltr' id='par_1_2' title="bbox 51 551 1227 1043">
     <span class='ocr_line' id='line_1_2' title="bbox 53 551 1205 628; baseline 0 -17"><span class='ocrx_word' id='word_1_3' title='bbox 53 551 203 626; x_wconf 88' lang='lat' dir='ltr'><strong>appellant</strong></span> <span class='ocrx_word' id='word_1_4' title='bbox 222 553 418 614; x_wconf 87' lang='lat' dir='ltr'><strong>Petiuensem.</strong></span> <span class='ocrx_word' id='word_1_5' title='bbox 452 551 577 626; x_wconf 80' lang='lat' dir='ltr'><strong>Impedit</strong></span> <span class='ocrx_word' id='word_1_6' title='bbox 598 553 688 628; x_wconf 87' lang='lat' dir='ltr'><strong>igitur</strong></span> <span class='ocrx_word' id='word_1_7' title='bbox 709 553 905 614; x_wconf 85' lang='lat' dir='ltr'><strong>Labaeensem</strong></span> <span class='ocrx_word' id='word_1_8' title='bbox 925 551 1099 626; x_wconf 88' lang='lat' dir='ltr'><strong>episcopum,</strong></span> <span class='ocrx_word' id='word_1_9' title='bbox 1121 551 1205 624; x_wconf 87' lang='lat' dir='ltr'><strong>eujus</strong></span> 
     </span>
     <span class='ocr_line' id='line_1_3' title="bbox 52 655 1206 731; baseline 0.001 -17"><span class='ocrx_word' id='word_1_10' title='bbox 52 657 130 716; x_wconf 89' lang='lat' dir='ltr'><strong>bona</strong></span> <span class='ocrx_word' id='word_1_11' title='bbox 158 655 364 729; x_wconf 74' lang='lat' dir='ltr'><strong>confismntur,</strong></span> <span class='ocrx_word' id='word_1_12' title='bbox 394 657 445 716; x_wconf 85' lang='lat' dir='ltr'><strong>aed</strong></span> <span class='ocrx_word' id='word_1_13' title='bbox 466 657 627 730; x_wconf 78' lang='lat' dir='ltr'>depereant</span> <span class='ocrx_word' id='word_1_14' title='bbox 648 657 722 716; x_wconf 91' lang='lat' dir='ltr'><strong>tales</strong></span> <span class='ocrx_word' id='word_1_15' title='bbox 742 658 885 731; x_wconf 79' lang='lat' dir='ltr'><strong>episcopi,</strong></span> <span class='ocrx_word' id='word_1_16' title='bbox 912 655 1065 716; x_wconf 90' lang='lat' dir='ltr'><strong>dummodo</strong></span> <span class='ocrx_word' id='word_1_17' title='bbox 1093 657 1206 730; x_wconf 84' lang='lat' dir='ltr'><strong>reliqua</strong></span> 
     </span>
     <span class='ocr_line' id='line_1_4' title="bbox 52 758 1227 834; baseline 0.001 -16"><span class='ocrx_word' id='word_1_18' title='bbox 52 777 120 833; x_wconf 90' lang='lat' dir='ltr'><strong>pars</strong></span> <span class='ocrx_word' id='word_1_19' title='bbox 140 762 240 834; x_wconf 88' lang='lat' dir='ltr'><strong>populi</strong></span> <span class='ocrx_word' id='word_1_20' title='bbox 260 768 448 820; x_wconf 86' lang='lat' dir='ltr'><strong>conservetur</strong></span> <span class='ocrx_word' id='word_1_21' title='bbox 467 761 495 818; x_wconf 94' lang='lat' dir='ltr'><strong>in</strong></span> <span class='ocrx_word' id='word_1_22' title='bbox 512 777 601 832; x_wconf 88' lang='lat' dir='ltr'><strong>regno</strong></span> <span class='ocrx_word' id='word_1_23' title='bbox 617 761 679 820; x_wconf 90' lang='lat' dir='ltr'><strong>Dei.</strong></span> <span class='ocrx_word' id='word_1_24' title='bbox 713 761 848 819; x_wconf 89' lang='lat' dir='ltr'><strong>Scribunt</strong></span> <span class='ocrx_word' id='word_1_25' title='bbox 869 759 965 832; x_wconf 89' lang='lat' dir='ltr'><strong>etiam,</strong></span> <span class='ocrx_word' id='word_1_26' title='bbox 986 766 1098 832; x_wconf 88' lang='lat' dir='ltr'><strong>pestem</strong></span> <span class='ocrx_word' id='word_1_27' title='bbox 1118 758 1227 819; x_wconf 83' lang='lat' dir='ltr'><strong>valde·</strong></span> 
     </span>
     <span class='ocr_line' id='line_1_5' title="bbox 52 863 1203 940; baseline 0 -17"><span class='ocrx_word' id='word_1_28' title='bbox 52 866 177 938; x_wconf 89' lang='lat' dir='ltr'><strong>coepisse</strong></span> <span class='ocrx_word' id='word_1_29' title='bbox 198 869 324 940; x_wconf 89' lang='lat' dir='ltr'><strong>grassari</strong></span> <span class='ocrx_word' id='word_1_30' title='bbox 345 869 375 924; x_wconf 94' lang='lat' dir='ltr'><strong>in</strong></span> <span class='ocrx_word' id='word_1_31' title='bbox 391 865 481 926; x_wconf 87' lang='lat' dir='ltr'><strong>Stiria</strong></span> <span class='ocrx_word' id='word_1_32' title='bbox 501 863 633 925; x_wconf 78' lang='lat' dir='ltr'><strong>inferiori</strong></span> <span class='ocrx_word' id='word_1_33' title='bbox 655 873 684 924; x_wconf 90' lang='lat' dir='ltr'><strong>et</strong></span> <span class='ocrx_word' id='word_1_34' title='bbox 704 865 788 924; x_wconf 88' lang='lat' dir='ltr'><strong>valde</strong></span> <span class='ocrx_word' id='word_1_35' title='bbox 807 871 948 934; x_wconf 86' lang='lat' dir='ltr'><strong>metuere,</strong></span> <span class='ocrx_word' id='word_1_36' title='bbox 970 879 1006 922; x_wconf 87' lang='lat' dir='ltr'><strong>ue</strong></span> <span class='ocrx_word' id='word_1_37' title='bbox 1027 863 1065 922; x_wconf 90' lang='lat' dir='ltr'><strong>ad</strong></span> <span class='ocrx_word' id='word_1_38' title='bbox 1084 879 1116 922; x_wconf 87' lang='lat' dir='ltr'><strong>ee</strong></span> <span class='ocrx_word' id='word_1_39' title='bbox 1136 880 1203 938; x_wconf 91' lang='lat' dir='ltr'><strong>pro·</strong></span> 
     </span>
     <span class='ocr_line' id='line_1_6' title="bbox 51 969 215 1043; baseline -0.012 -13"><span class='ocrx_word' id='word_1_40' title='bbox 51 969 215 1043; x_wconf 80' lang='lat' dir='ltr'><strong>grediatur.</strong></span> 
     </span>
    </p>

    <p class='ocr_par' dir='ltr' id='par_1_3' title="bbox 50 1067 1204 1858">
     <span class='ocr_line' id='line_1_7' title="bbox 133 1067 1204 1146; baseline -0.001 -15"><span class='ocrx_word' id='word_1_41' title='bbox 133 1073 178 1132; x_wconf 89' lang='lat' dir='ltr'><strong>De</strong></span> <span class='ocrx_word' id='word_1_42' title='bbox 200 1072 388 1146; x_wconf 82' lang='lat' dir='ltr'><strong>responsione</strong></span> <span class='ocrx_word' id='word_1_43' title='bbox 408 1072 478 1131; x_wconf 89' lang='lat' dir='ltr'><strong>mihi</strong></span> <span class='ocrx_word' id='word_1_44' title='bbox 500 1073 568 1131; x_wconf 89' lang='lat' dir='ltr'><strong>data</strong></span> <span class='ocrx_word' id='word_1_45' title='bbox 588 1089 641 1145; x_wconf 88' lang='lat' dir='ltr'><strong>per</strong></span> <span class='ocrx_word' id='word_1_46' title='bbox 660 1074 848 1132; x_wconf 88' lang='lat' dir='ltr'><strong>secretarium</strong></span> <span class='ocrx_word' id='word_1_47' title='bbox 869 1071 980 1132; x_wconf 73' lang='lat' dir='ltr'><strong>Vestrae</strong></span> <span class='ocrx_word' id='word_1_48' title='bbox 1000 1067 1204 1132; x_wconf 82' lang='lat' dir='ltr'><strong>Illustrissimae</strong></span> 
     </span>
     <span class='ocr_line' id='line_1_8' title="bbox 54 1173 1204 1250; baseline -0.007 -12"><span class='ocrx_word' id='word_1_49' title='bbox 54 1175 251 1250; x_wconf 88' lang='lat' dir='ltr'><strong>Celsitudiuis,</strong></span> <span class='ocrx_word' id='word_1_50' title='bbox 273 1175 403 1246; x_wconf 85' lang='lat' dir='ltr'><strong>affirmo,</strong></span> <span class='ocrx_word' id='word_1_51' title='bbox 424 1191 479 1233; x_wconf 88' lang='lat' dir='ltr'><strong>nec</strong></span> <span class='ocrx_word' id='word_1_52' title='bbox 498 1175 656 1247; x_wconf 74' lang='lat' dir='ltr'><strong>Georgium</strong></span> <span class='ocrx_word' id='word_1_53' title='bbox 677 1175 887 1250; x_wconf 81' lang='lat' dir='ltr'><strong>typographum</strong></span> <span class='ocrx_word' id='word_1_54' title='bbox 908 1189 1002 1248; x_wconf 86' lang='lat' dir='ltr'><strong>oeque</strong></span> <span class='ocrx_word' id='word_1_55' title='bbox 1023 1189 1068 1231; x_wconf 85' lang='lat' dir='ltr'><strong>une</strong></span> <span class='ocrx_word' id='word_1_56' title='bbox 1090 1173 1204 1232; x_wconf 87' lang='lat' dir='ltr'><strong>esseio</strong></span> 
     </span>
     <span class='ocr_line' id='line_1_9' title="bbox 51 1276 1200 1356; baseline -0.005 -14"><span class='ocrx_word' id='word_1_57' title='bbox 51 1283 114 1342; x_wconf 89' lang='lat' dir='ltr'><strong>ulla</strong></span> <span class='ocrx_word' id='word_1_58' title='bbox 134 1283 220 1356; x_wconf 89' lang='lat' dir='ltr'><strong>culpa</strong></span> <span class='ocrx_word' id='word_1_59' title='bbox 233 1281 250 1340; x_wconf 93' lang='lat'><strong>¹.</strong></span> <span class='ocrx_word' id='word_1_60' title='bbox 292 1279 447 1339; x_wconf 85' lang='lat' dir='ltr'><strong>Numeravi</strong></span> <span class='ocrx_word' id='word_1_61' title='bbox 469 1278 544 1338; x_wconf 89' lang='lat' dir='ltr'><strong>enlm</strong></span> <span class='ocrx_word' id='word_1_62' title='bbox 564 1279 618 1352; x_wconf 87' lang='lat' dir='ltr'><strong>ipsi</strong></span> <span class='ocrx_word' id='word_1_63' title='bbox 640 1281 804 1352; x_wconf 86' lang='lat' dir='ltr'><strong>pecuniam,</strong></span> <span class='ocrx_word' id='word_1_64' title='bbox 836 1285 866 1337; x_wconf 92' lang='lat' dir='ltr'><strong>et</strong></span> <span class='ocrx_word' id='word_1_65' title='bbox 885 1279 915 1336; x_wconf 89' lang='lat' dir='ltr'><strong>in</strong></span> <span class='ocrx_word' id='word_1_66' title='bbox 936 1279 1030 1336; x_wconf 85' lang='lat' dir='ltr'><strong>animo</strong></span> <span class='ocrx_word' id='word_1_67' title='bbox 1051 1276 1200 1350; x_wconf 80' lang='lat' dir='ltr'><strong>habebam,</strong></span> 
     </span>
     <span class='ocr_line' id='line_1_10' title="bbox 50 1379 1200 1458; baseline -0.002 -16"><span class='ocrx_word' id='word_1_68' title='bbox 50 1381 198 1458; x_wconf 87' lang='lat' dir='ltr'><strong>reliquum</strong></span> <span class='ocrx_word' id='word_1_69' title='bbox 218 1397 371 1442; x_wconf 89' lang='lat' dir='ltr'><strong>numerare</strong></span> <span class='ocrx_word' id='word_1_70' title='bbox 391 1379 491 1456; x_wconf 85' lang='lat' dir='ltr'><strong>(petiit</strong></span> <span class='ocrx_word' id='word_1_71' title='bbox 511 1380 600 1456; x_wconf 86' lang='lat' dir='ltr'><strong>enim)</strong></span> <span class='ocrx_word' id='word_1_72' title='bbox 626 1381 677 1439; x_wconf 91' lang='lat' dir='ltr'><strong>sed</strong></span> <span class='ocrx_word' id='word_1_73' title='bbox 704 1381 764 1440; x_wconf 84' lang='lat' dir='ltr'><strong>dixi</strong></span> <span class='ocrx_word' id='word_1_74' title='bbox 786 1381 897 1440; x_wconf 84' lang='lat' dir='ltr'><strong>Vestrae</strong></span> <span class='ocrx_word' id='word_1_75' title='bbox 918 1379 1092 1440; x_wconf 75' lang='lat' dir='ltr'><strong>celsitudini</strong></span> <span class='ocrx_word' id='word_1_76' title='bbox 1120 1381 1200 1440; x_wconf 89' lang='lat' dir='ltr'><strong>illum</strong></span> 
     </span>
     <span class='ocr_line' id='line_1_11' title="bbox 51 1485 1199 1562; baseline 0 -16"><span class='ocrx_word' id='word_1_77' title='bbox 51 1493 295 1562; x_wconf 82' lang='lat' dir='ltr'><strong>exspectaturum,</strong></span> <span class='ocrx_word' id='word_1_78' title='bbox 317 1489 340 1546; x_wconf 90' lang='lat' dir='ltr'><strong>si</strong></span> <span class='ocrx_word' id='word_1_79' title='bbox 362 1487 438 1562; x_wconf 92' lang='lat' dir='ltr'><strong>quod</strong></span> <span class='ocrx_word' id='word_1_80' title='bbox 459 1487 580 1560; x_wconf 86' lang='lat' dir='ltr'><strong>amptius</strong></span> <span class='ocrx_word' id='word_1_81' title='bbox 600 1487 643 1546; x_wconf 92' lang='lat' dir='ltr'><strong>illi</strong></span> <span class='ocrx_word' id='word_1_82' title='bbox 665 1487 795 1560; x_wconf 88' lang='lat' dir='ltr'><strong>debetur,</strong></span> <span class='ocrx_word' id='word_1_83' title='bbox 818 1487 885 1546; x_wconf 91' lang='lat' dir='ltr'><strong>dum</strong></span> <span class='ocrx_word' id='word_1_84' title='bbox 906 1485 974 1546; x_wconf 87' lang='lat' dir='ltr'><strong>libri</strong></span> <span class='ocrx_word' id='word_1_85' title='bbox 994 1486 1199 1546; x_wconf 79' lang='lat' dir='ltr'><strong>venderentur.</strong></span> 
     </span>
     <span class='ocr_line' id='line_1_12' title="bbox 50 1589 1202 1664; baseline 0.002 -16"><span class='ocrx_word' id='word_1_86' title='bbox 50 1590 116 1662; x_wconf 87' lang='lat' dir='ltr'><strong>Ego</strong></span> <span class='ocrx_word' id='word_1_87' title='bbox 138 1591 188 1664; x_wconf 90' lang='lat' dir='ltr'><strong>qui</strong></span> <span class='ocrx_word' id='word_1_88' title='bbox 210 1606 266 1648; x_wconf 94' lang='lat' dir='ltr'><strong>non</strong></span> <span class='ocrx_word' id='word_1_89' title='bbox 287 1589 490 1661; x_wconf 86' lang='lat' dir='ltr'><strong>venditionem,</strong></span> <span class='ocrx_word' id='word_1_90' title='bbox 512 1589 563 1648; x_wconf 87' lang='lat' dir='ltr'><strong>aed</strong></span> <span class='ocrx_word' id='word_1_91' title='bbox 584 1590 769 1650; x_wconf 84' lang='lat' dir='ltr'><strong>donationem</strong></span> <span class='ocrx_word' id='word_1_92' title='bbox 790 1597 940 1664; x_wconf 86' lang='lat' dir='ltr'><strong>exspecto,</strong></span> <span class='ocrx_word' id='word_1_93' title='bbox 961 1590 1032 1649; x_wconf 93' lang='lat' dir='ltr'><strong>uihil</strong></span> <span class='ocrx_word' id='word_1_94' title='bbox 1054 1607 1122 1650; x_wconf 89' lang='lat' dir='ltr'><strong>curo</strong></span> <span class='ocrx_word' id='word_1_95' title='bbox 1143 1607 1202 1650; x_wconf 90' lang='lat' dir='ltr'><strong>am·</strong></span> 
     </span>
     <span class='ocr_line' id='line_1_13' title="bbox 52 1693 1202 1778; baseline 0.002 -26"><span class='ocrx_word' id='word_1_96' title='bbox 52 1695 141 1766; x_wconf 88' lang='lat' dir='ltr'><strong>plius.</strong></span> <span class='ocrx_word' id='word_1_97' title='bbox 184 1693 290 1752; x_wconf 83' lang='lat' dir='ltr'><strong>Vestra</strong></span> <span class='ocrx_word' id='word_1_98' title='bbox 309 1693 507 1752; x_wconf 87' lang='lat' dir='ltr'><strong>Illustrissima</strong></span> <span class='ocrx_word' id='word_1_99' title='bbox 528 1693 679 1754; x_wconf 87' lang='lat' dir='ltr'><strong>Gelsitudo</strong></span> <span class='ocrx_word' id='word_1_100' title='bbox 707 1701 837 1754; x_wconf 89' lang='lat' dir='ltr'><strong>sanetum</strong></span> <span class='ocrx_word' id='word_1_101' title='bbox 857 1711 936 1778; x_wconf 44' lang='lat' dir='ltr'><strong>opus,</strong></span> <span class='ocrx_word' id='word_1_102' title='bbox 949 1694 996 1772; x_wconf 88' lang='lat' dir='ltr'><strong>(ut</strong></span> <span class='ocrx_word' id='word_1_103' title='bbox 1015 1695 1114 1771; x_wconf 84' lang='lat' dir='ltr'><strong>spero)</strong></span> <span class='ocrx_word' id='word_1_104' title='bbox 1137 1711 1202 1755; x_wconf 89' lang='lat' dir='ltr'><strong>cou-</strong></span> 
     </span>
     <span class='ocr_line' id='line_1_14' title="bbox 55 1797 136 1858; baseline 0.012 -3"><span class='ocrx_word' id='word_1_105' title='bbox 55 1797 136 1858; x_wconf 88' lang='lat' dir='ltr'><strong>iecit.</strong></span> 
     </span>
    </p>

    <p class='ocr_par' dir='ltr' id='par_1_4' title="bbox 50 1901 1204 2184">
     <span class='ocr_line' id='line_1_15' title="bbox 133 1901 1204 1966; baseline 0.006 -7"><span class='ocrx_word' id='word_1_106' title='bbox 133 1901 252 1960; x_wconf 86' lang='lat' dir='ltr'><strong>Adorno</strong></span> <span class='ocrx_word' id='word_1_107' title='bbox 273 1901 427 1961; x_wconf 85' lang='lat' dir='ltr'><strong>seeundum</strong></span> <span class='ocrx_word' id='word_1_108' title='bbox 448 1910 478 1962; x_wconf 92' lang='lat' dir='ltr'><strong>et</strong></span> <span class='ocrx_word' id='word_1_109' title='bbox 499 1903 616 1964; x_wconf 87' lang='lat' dir='ltr'><strong>tertiam</strong></span> <span class='ocrx_word' id='word_1_110' title='bbox 636 1904 793 1962; x_wconf 86' lang='lat' dir='ltr'><strong>editionem</strong></span> <span class='ocrx_word' id='word_1_111' title='bbox 813 1903 894 1963; x_wconf 88' lang='lat' dir='ltr'><strong>tertii</strong></span> <span class='ocrx_word' id='word_1_112' title='bbox 908 1902 1004 1962; x_wconf 82' lang='lat' dir='ltr'><strong>tomi⁸.</strong></span> <span class='ocrx_word' id='word_1_113' title='bbox 1034 1904 1204 1966; x_wconf 88' lang='lat' dir='ltr'><strong>Providebit</strong></span> 
     </span>
     <span class='ocr_line' id='line_1_16' title="bbox 50 2005 1204 2082; baseline 0.003 -17"><span class='ocrx_word' id='word_1_114' title='bbox 50 2009 195 2065; x_wconf 89' lang='lat' dir='ltr'><strong>Dominus</strong></span> <span class='ocrx_word' id='word_1_115' title='bbox 215 2007 250 2065; x_wconf 91' lang='lat' dir='ltr'><strong>de</strong></span> <span class='ocrx_word' id='word_1_116' title='bbox 271 2015 395 2080; x_wconf 87' lang='lat' dir='ltr'><strong>sumptu,</strong></span> <span class='ocrx_word' id='word_1_117' title='bbox 418 2005 571 2066; x_wconf 90' lang='lat' dir='ltr'><strong>dummodo</strong></span> <span class='ocrx_word' id='word_1_118' title='bbox 592 2009 671 2080; x_wconf 82' lang='lat' dir='ltr'><strong>digni</strong></span> <span class='ocrx_word' id='word_1_119' title='bbox 692 2007 859 2080; x_wconf 88' lang='lat' dir='ltr'><strong>videantur,</strong></span> <span class='ocrx_word' id='word_1_120' title='bbox 881 2009 930 2082; x_wconf 92' lang='lat' dir='ltr'><strong>qui</strong></span> <span class='ocrx_word' id='word_1_121' title='bbox 951 2007 1083 2068; x_wconf 85' lang='lat' dir='ltr'><strong>edantur.</strong></span> <span class='ocrx_word' id='word_1_122' title='bbox 1123 2007 1204 2068; x_wconf 86' lang='lat' dir='ltr'><strong>Nihil</strong></span> 
     </span>
     <span class='ocr_line' id='line_1_17' title="bbox 51 2111 438 2184; baseline 0 -16"><span class='ocrx_word' id='word_1_123' title='bbox 51 2128 133 2184; x_wconf 88' lang='lat' dir='ltr'><strong>curo,</strong></span> <span class='ocrx_word' id='word_1_124' title='bbox 156 2111 211 2169; x_wconf 93' lang='lat' dir='ltr'><strong>nisi</strong></span> <span class='ocrx_word' id='word_1_125' title='bbox 232 2111 352 2184; x_wconf 89' lang='lat' dir='ltr'><strong>gloriam</strong></span> <span class='ocrx_word' id='word_1_126' title='bbox 373 2111 438 2170; x_wconf 90' lang='lat' dir='ltr'><strong>Dei.</strong></span> 
     </span>
    </p>

    <p class='ocr_par' dir='ltr' id='par_1_5' title="bbox 48 2210 1222 3127">
     <span class='ocr_line' id='line_1_18' title="bbox 133 2210 1222 2291; baseline 0.001 -16"><span class='ocrx_word' id='word_1_127' title='bbox 133 2215 299 2276; x_wconf 85' lang='lat' dir='ltr'><strong>Generosos</strong></span> <span class='ocrx_word' id='word_1_128' title='bbox 321 2215 452 2276; x_wconf 89' lang='lat' dir='ltr'><strong>dominus</strong></span> <span class='ocrx_word' id='word_1_129' title='bbox 473 2216 615 2290; x_wconf 82' lang='lat' dir='ltr'><strong>Georgius</strong></span> <span class='ocrx_word' id='word_1_130' title='bbox 635 2233 652 2275; x_wconf 92' lang='lat' dir='ltr'><strong>a</strong></span> <span class='ocrx_word' id='word_1_131' title='bbox 672 2217 757 2276; x_wconf 88' lang='lat' dir='ltr'><strong>Turci</strong></span> <span class='ocrx_word' id='word_1_132' title='bbox 778 2233 885 2288; x_wconf 86' lang='lat' dir='ltr'><strong>comes,</strong></span> <span class='ocrx_word' id='word_1_133' title='bbox 912 2217 955 2276; x_wconf 88' lang='lat' dir='ltr'><strong>vir</strong></span> <span class='ocrx_word' id='word_1_134' title='bbox 980 2218 1076 2291; x_wconf 90' lang='lat' dir='ltr'><strong>magni</strong></span> <span class='ocrx_word' id='word_1_135' title='bbox 1097 2215 1152 2274; x_wconf 81' lang='lat' dir='ltr'><strong>zeli</strong></span> <span class='ocrx_word' id='word_1_136' title='bbox 1173 2210 1222 2276; x_wconf 67' lang='lat' dir='ltr'><strong>iu=</strong></span> 
     </span>
     <span class='ocr_line' id='line_1_19' title="bbox 50 2320 1203 2394; baseline 0.002 -16"><span class='ocrx_word' id='word_1_137' title='bbox 50 2321 215 2392; x_wconf 85' lang='lat' dir='ltr'><strong>evangelie,</strong></span> <span class='ocrx_word' id='word_1_138' title='bbox 237 2335 282 2378; x_wconf 89' lang='lat' dir='ltr'><strong>mo</strong></span> <span class='ocrx_word' id='word_1_139' title='bbox 304 2327 401 2379; x_wconf 92' lang='lat' dir='ltr'><strong>monet</strong></span> <span class='ocrx_word' id='word_1_140' title='bbox 420 2322 479 2379; x_wconf 89' lang='lat' dir='ltr'><strong>suis</strong></span> <span class='ocrx_word' id='word_1_141' title='bbox 500 2320 615 2391; x_wconf 87' lang='lat' dir='ltr'><strong>litteris,</strong></span> <span class='ocrx_word' id='word_1_142' title='bbox 638 2329 670 2380; x_wconf 92' lang='lat' dir='ltr'><strong>ut</strong></span> <span class='ocrx_word' id='word_1_143' title='bbox 691 2338 816 2394; x_wconf 88' lang='lat' dir='ltr'><strong>caveam,</strong></span> <span class='ocrx_word' id='word_1_144' title='bbox 837 2337 873 2379; x_wconf 90' lang='lat' dir='ltr'><strong>ue</strong></span> <span class='ocrx_word' id='word_1_145' title='bbox 894 2321 1038 2380; x_wconf 87' lang='lat' dir='ltr'><strong>Labaoom</strong></span> <span class='ocrx_word' id='word_1_146' title='bbox 1057 2322 1203 2394; x_wconf 85' lang='lat' dir='ltr'><strong>accedam,</strong></span> 
     </span>
     <span class='ocr_line' id='line_1_20' title="bbox 49 2423 1200 2507; baseline 0.003 -26"><span class='ocrx_word' id='word_1_147' title='bbox 49 2423 108 2482; x_wconf 90' lang='lat' dir='ltr'><strong>nisi</strong></span> <span class='ocrx_word' id='word_1_148' title='bbox 129 2427 188 2482; x_wconf 87' lang='lat' dir='ltr'><strong>sint</strong></span> <span class='ocrx_word' id='word_1_149' title='bbox 208 2423 277 2482; x_wconf 94' lang='lat' dir='ltr'><strong>mihi</strong></span> <span class='ocrx_word' id='word_1_150' title='bbox 298 2423 405 2486; x_wconf 85' lang='lat' dir='ltr'><strong>litterce</strong></span> <span class='ocrx_word' id='word_1_151' title='bbox 432 2442 484 2484; x_wconf 89' lang='lat' dir='ltr'><strong>seu</strong></span> <span class='ocrx_word' id='word_1_152' title='bbox 514 2425 609 2485; x_wconf 84' lang='lat' dir='ltr'><strong>salvus</strong></span> <span class='ocrx_word' id='word_1_153' title='bbox 636 2426 793 2486; x_wconf 82' lang='lat' dir='ltr'><strong>conductus</strong></span> <span class='ocrx_word' id='word_1_154' title='bbox 813 2441 831 2484; x_wconf 91' lang='lat' dir='ltr'><strong>a</strong></span> <span class='ocrx_word' id='word_1_155' title='bbox 852 2425 965 2507; x_wconf 77' lang='lat' dir='ltr'><strong>Caesare</strong></span> <span class='ocrx_word' id='word_1_156' title='bbox 986 2426 1046 2486; x_wconf 86' lang='lat' dir='ltr'><strong>sive</strong></span> <span class='ocrx_word' id='word_1_157' title='bbox 1066 2426 1200 2486; x_wconf 85' lang='lat' dir='ltr'><strong>Maximi·</strong></span> 
     </span>
     <span class='ocr_line' id='line_1_21' title="bbox 48 2527 1202 2605; baseline 0.003 -19"><span class='ocrx_word' id='word_1_158' title='bbox 48 2531 139 2588; x_wconf 87' lang='lat' dir='ltr'><strong>liano.</strong></span> <span class='ocrx_word' id='word_1_159' title='bbox 172 2528 254 2600; x_wconf 79' lang='lat' dir='ltr'><strong>Quod</strong></span> <span class='ocrx_word' id='word_1_160' title='bbox 276 2529 300 2586; x_wconf 88' lang='lat' dir='ltr'><strong>si</strong></span> <span class='ocrx_word' id='word_1_161' title='bbox 320 2527 413 2598; x_wconf 88' lang='lat' dir='ltr'><strong>fieret,</strong></span> <span class='ocrx_word' id='word_1_162' title='bbox 435 2531 548 2603; x_wconf 87' lang='lat' dir='ltr'><strong>sperari</strong></span> <span class='ocrx_word' id='word_1_163' title='bbox 568 2547 702 2604; x_wconf 87' lang='lat' dir='ltr'><strong>magnum</strong></span> <span class='ocrx_word' id='word_1_164' title='bbox 729 2529 853 2590; x_wconf 85' lang='lat' dir='ltr'><strong>fructum</strong></span> <span class='ocrx_word' id='word_1_165' title='bbox 874 2548 910 2590; x_wconf 84' lang='lat' dir='ltr'><strong>ex</strong></span> <span class='ocrx_word' id='word_1_166' title='bbox 931 2548 994 2591; x_wconf 88' lang='lat' dir='ltr'><strong>mea</strong></span> <span class='ocrx_word' id='word_1_167' title='bbox 1014 2531 1202 2605; x_wconf 86' lang='lat' dir='ltr'><strong>profectione,</strong></span> 
     </span>
     <span class='ocr_line' id='line_1_22' title="bbox 50 2632 1202 2707; baseline 0.002 -17"><span class='ocrx_word' id='word_1_168' title='bbox 50 2633 135 2706; x_wconf 86' lang='lat' dir='ltr'><strong>quasi</strong></span> <span class='ocrx_word' id='word_1_169' title='bbox 157 2633 278 2692; x_wconf 87' lang='lat' dir='ltr'><strong>debeam</strong></span> <span class='ocrx_word' id='word_1_170' title='bbox 300 2635 448 2692; x_wconf 87' lang='lat' dir='ltr'><strong>continere</strong></span> <span class='ocrx_word' id='word_1_171' title='bbox 468 2632 610 2707; x_wconf 88' lang='lat' dir='ltr'><strong>reliquos,</strong></span> <span class='ocrx_word' id='word_1_172' title='bbox 637 2650 674 2692; x_wconf 92' lang='lat' dir='ltr'><strong>ne</strong></span> <span class='ocrx_word' id='word_1_173' title='bbox 703 2633 852 2694; x_wconf 88' lang='lat' dir='ltr'><strong>discedant</strong></span> <span class='ocrx_word' id='word_1_174' title='bbox 882 2651 918 2693; x_wconf 87' lang='lat' dir='ltr'><strong>ex</strong></span> <span class='ocrx_word' id='word_1_175' title='bbox 943 2632 1122 2694; x_wconf 85' lang='lat' dir='ltr'><strong>confessione</strong></span> <span class='ocrx_word' id='word_1_176' title='bbox 1143 2635 1202 2692; x_wconf 81' lang='lat' dir='ltr'><strong>Au·</strong></span> 
     </span>
     <span class='ocr_line' id='line_1_23' title="bbox 49 2737 1202 2813; baseline 0 -17"><span class='ocrx_word' id='word_1_177' title='bbox 49 2745 186 2812; x_wconf 83' lang='lat' dir='ltr'><strong>gustaua.</strong></span> <span class='ocrx_word' id='word_1_178' title='bbox 217 2737 336 2796; x_wconf 88' lang='lat' dir='ltr'><strong>Utinam</strong></span> <span class='ocrx_word' id='word_1_179' title='bbox 358 2737 476 2797; x_wconf 84' lang='lat' dir='ltr'><strong>daretur</strong></span> <span class='ocrx_word' id='word_1_180' title='bbox 496 2739 591 2798; x_wconf 85' lang='lat' dir='ltr'><strong>salvus</strong></span> <span class='ocrx_word' id='word_1_181' title='bbox 613 2740 783 2813; x_wconf 82' lang='lat' dir='ltr'><strong>conductus3</strong></span> <span class='ocrx_word' id='word_1_182' title='bbox 806 2756 871 2798; x_wconf 87' lang='lat' dir='ltr'><strong>narn</strong></span> <span class='ocrx_word' id='word_1_183' title='bbox 891 2738 1015 2798; x_wconf 88' lang='lat' dir='ltr'><strong>libenter</strong></span> <span class='ocrx_word' id='word_1_184' title='bbox 1034 2737 1202 2796; x_wconf 87' lang='lat' dir='ltr'><strong>accederem</strong></span> 
     </span>
     <span class='ocr_line' id='line_1_24' title="bbox 50 2841 1202 2916; baseline -0.001 -16"><span class='ocrx_word' id='word_1_185' title='bbox 50 2859 146 2916; x_wconf 88' lang='lat' dir='ltr'><strong>osque</strong></span> <span class='ocrx_word' id='word_1_186' title='bbox 166 2841 205 2900; x_wconf 86' lang='lat' dir='ltr'><strong>ad</strong></span> <span class='ocrx_word' id='word_1_187' title='bbox 225 2849 355 2913; x_wconf 90' lang='lat' dir='ltr'><strong>mortem,</strong></span> <span class='ocrx_word' id='word_1_188' title='bbox 381 2844 405 2899; x_wconf 88' lang='lat' dir='ltr'><strong>ei</strong></span> <span class='ocrx_word' id='word_1_189' title='bbox 421 2843 500 2902; x_wconf 89' lang='lat' dir='ltr'><strong>Deus</strong></span> <span class='ocrx_word' id='word_1_190' title='bbox 521 2843 653 2902; x_wconf 87' lang='lat' dir='ltr'><strong>voluerit.</strong></span> <span class='ocrx_word' id='word_1_191' title='bbox 684 2843 773 2902; x_wconf 87' lang='lat' dir='ltr'><strong>Plura</strong></span> <span class='ocrx_word' id='word_1_192' title='bbox 790 2861 845 2903; x_wconf 88' lang='lat' dir='ltr'><strong>uon</strong></span> <span class='ocrx_word' id='word_1_193' title='bbox 863 2841 965 2915; x_wconf 88' lang='lat' dir='ltr'><strong>habeo,</strong></span> <span class='ocrx_word' id='word_1_194' title='bbox 987 2859 1051 2915; x_wconf 84' lang='lat' dir='ltr'><strong>quae</strong></span> <span class='ocrx_word' id='word_1_195' title='bbox 1071 2841 1202 2900; x_wconf 79' lang='lat' dir='ltr'><strong>scribam.</strong></span> 
     </span>
     <span class='ocr_line' id='line_1_25' title="bbox 51 2946 1204 3008; baseline 0.001 -3"><span class='ocrx_word' id='word_1_196' title='bbox 51 2946 230 3006; x_wconf 80' lang='lat' dir='ltr'><strong>Commendo</strong></span> <span class='ocrx_word' id='word_1_197' title='bbox 257 2963 302 3004; x_wconf 88' lang='lat' dir='ltr'><strong>me</strong></span> <span class='ocrx_word' id='word_1_198' title='bbox 328 2955 498 3008; x_wconf 88' lang='lat' dir='ltr'><strong>reverenter</strong></span> <span class='ocrx_word' id='word_1_199' title='bbox 527 2949 637 3008; x_wconf 89' lang='lat' dir='ltr'><strong>Vestrae</strong></span> <span class='ocrx_word' id='word_1_200' title='bbox 665 2949 866 3008; x_wconf 83' lang='lat' dir='ltr'><strong>Illustrissirnoe</strong></span> <span class='ocrx_word' id='word_1_201' title='bbox 894 2947 1073 3007; x_wconf 85' lang='lat' dir='ltr'><strong>Celsitodini.</strong></span> <span class='ocrx_word' id='word_1_202' title='bbox 1114 2946 1204 3006; x_wconf 90' lang='lat' dir='ltr'><strong>Pater</strong></span> 
     </span>
     <span class='ocr_line' id='line_1_26' title="bbox 50 3052 1201 3127; baseline -0.001 -18"><span class='ocrx_word' id='word_1_203' title='bbox 50 3052 180 3111; x_wconf 87' lang='lat' dir='ltr'><strong>coelestis</strong></span> <span class='ocrx_word' id='word_1_204' title='bbox 200 3059 307 3124; x_wconf 89' lang='lat' dir='ltr'><strong>augeat</strong></span> <span class='ocrx_word' id='word_1_205' title='bbox 325 3052 369 3110; x_wconf 93' lang='lat' dir='ltr'><strong>illi</strong></span> <span class='ocrx_word' id='word_1_206' title='bbox 383 3054 515 3125; x_wconf 91' lang='lat' dir='ltr'><strong>spiritum</strong></span> <span class='ocrx_word' id='word_1_207' title='bbox 531 3060 562 3112; x_wconf 91' lang='lat' dir='ltr'><strong>et</strong></span> <span class='ocrx_word' id='word_1_208' title='bbox 577 3052 662 3112; x_wconf 91' lang='lat' dir='ltr'><strong>fidem</strong></span> <span class='ocrx_word' id='word_1_209' title='bbox 678 3070 732 3127; x_wconf 89' lang='lat' dir='ltr'><strong>per</strong></span> <span class='ocrx_word' id='word_1_210' title='bbox 747 3053 892 3114; x_wconf 84' lang='lat' dir='ltr'><strong>Christum</strong></span> <span class='ocrx_word' id='word_1_211' title='bbox 907 3053 1051 3112; x_wconf 88' lang='lat' dir='ltr'><strong>dominum</strong></span> <span class='ocrx_word' id='word_1_212' title='bbox 1063 3057 1201 3110; x_wconf 86' lang='lat' dir='ltr'><strong>nostrum.</strong></span> 
     </span>
    </p>

    <p class='ocr_par' dir='ltr' id='par_1_6' title="bbox 131 3155 768 3232">
     <span class='ocr_line' id='line_1_27' title="bbox 131 3155 768 3232; baseline 0.005 -18"><span class='ocrx_word' id='word_1_213' title='bbox 131 3155 274 3228; x_wconf 83' lang='lat' dir='ltr'><strong>Tubingee</strong></span> <span class='ocrx_word' id='word_1_214' title='bbox 295 3159 334 3214; x_wconf 83' lang='lat'><strong>24</strong></span> <span class='ocrx_word' id='word_1_215' title='bbox 355 3156 495 3228; x_wconf 86' lang='lat' dir='ltr'><strong>Octobris,</strong></span> <span class='ocrx_word' id='word_1_216' title='bbox 516 3174 591 3216; x_wconf 87' lang='lat' dir='ltr'><strong>anno</strong></span> <span class='ocrx_word' id='word_1_217' title='bbox 615 3161 660 3217; x_wconf 88' lang='grc'><strong>63.</strong></span> <span class='ocrx_word' id='word_1_218' title='bbox 763 3221 768 3232; x_wconf 64' lang='grc'>,</span> 
     </span>
    </p>

    <p class='ocr_par' dir='ltr' id='par_1_7' title="bbox 120 3259 1124 3546">
     <span class='ocr_line' id='line_1_28' title="bbox 282 3259 972 3322; baseline 0.004 -6"><span class='ocrx_word' id='word_1_219' title='bbox 282 3259 487 3318; x_wconf 86' lang='lat' dir='ltr'><strong>Illustrissimae</strong></span> <span class='ocrx_word' id='word_1_220' title='bbox 509 3259 695 3320; x_wconf 71' lang='lat' dir='ltr'><strong>celsitudinis</strong></span> <span class='ocrx_word' id='word_1_221' title='bbox 716 3262 828 3321; x_wconf 77' lang='lat' dir='ltr'><strong>Vestrae</strong></span> <span class='ocrx_word' id='word_1_222' title='bbox 848 3261 972 3322; x_wconf 88' lang='lat' dir='ltr'><strong>servitor</strong></span> 
     </span>
     <span class='ocr_line' id='line_1_29' title="bbox 423 3365 1124 3438; baseline -0.007 -10"><span class='ocrx_word' id='word_1_223' title='bbox 423 3431 426 3438; x_wconf 76' lang='grc'><strong>,</strong></span> <span class='ocrx_word' id='word_1_224' title='bbox 958 3365 1124 3438; x_wconf 87' lang='lat' dir='ltr'><strong>Vergerius.</strong></span> 
     </span>
     <span class='ocr_line' id='line_1_30' title="bbox 120 3474 1084 3546; baseline 0.003 -16"><span class='ocrx_word' id='word_1_225' title='bbox 120 3475 230 3530; x_wconf 83' lang='lat' dir='ltr'><strong>Hiuteu</strong></span> <span class='ocrx_word' id='word_1_226' title='bbox 250 3490 304 3529; x_wconf 91' lang='lat' dir='ltr'><strong>von</strong></span> <span class='ocrx_word' id='word_1_227' title='bbox 323 3475 372 3528; x_wconf 87' lang='lat' dir='ltr'><strong>dee</strong></span> <span class='ocrx_word' id='word_1_228' title='bbox 390 3474 505 3546; x_wconf 83' lang='lat' dir='ltr'><strong>herzogs</strong></span> <span class='ocrx_word' id='word_1_229' title='bbox 523 3475 617 3532; x_wconf 69' lang='lat' dir='ltr'><strong>hande</strong></span> <span class='ocrx_word' id='word_1_230' title='bbox 651 3477 765 3532; x_wconf 86' lang='lat' dir='ltr'><strong>Bedarff</strong></span> <span class='ocrx_word' id='word_1_231' title='bbox 780 3477 898 3533; x_wconf 83' lang='lat' dir='ltr'><strong>kheiner</strong></span> <span class='ocrx_word' id='word_1_232' title='bbox 916 3479 1084 3533; x_wconf 82' lang='lat' dir='ltr'><strong>auntwurhb.</strong></span> 
     </span>
    </p>
   </div>
   <div class='ocr_carea' id='block_1_3' title="bbox 596 3733 661 3790">
    <p class='ocr_par' dir='ltr' id='par_1_8' title="bbox 596 3733 661 3790">
     <span class='ocr_line' id='line_1_31' title="bbox 596 3733 661 3790; baseline 0.015 -2"><span class='ocrx_word' id='word_1_233' title='bbox 596 3733 661 3790; x_wconf 89' lang='grc'><strong>190.</strong></span> 
     </span>
    </p>
   </div>
   <div class='ocr_carea' id='block_1_4' title="bbox 358 3853 900 4059">
    <p class='ocr_par' dir='ltr' id='par_1_9' title="bbox 358 3853 900 4059">
     <span class='ocr_line' id='line_1_32' title="bbox 358 3853 900 3943; baseline 0.007 -23"><span class='ocrx_word' id='word_1_234' title='bbox 358 3853 483 3941; x_wconf 87' lang='lat' dir='ltr'><strong>Verger</strong></span> <span class='ocrx_word' id='word_1_235' title='bbox 505 3879 546 3920; x_wconf 87' lang='lat' dir='ltr'><strong>au</strong></span> <span class='ocrx_word' id='word_1_236' title='bbox 571 3858 691 3943; x_wconf 81' lang='lat' dir='ltr'><strong>herzog</strong></span> <span class='ocrx_word' id='word_1_237' title='bbox 714 3857 900 3943; x_wconf 82' lang='lat' dir='ltr'><strong>Ohrisboph.</strong></span> 
     </span>
     <span class='ocr_line' id='line_1_33' title="bbox 388 3986 870 4059; baseline 0.012 -16"><span class='ocrx_word' id='word_1_238' title='bbox 388 3986 538 4059; x_wconf 82' lang='lat' dir='ltr'><strong>Thhiugeu</strong></span> <span class='ocrx_word' id='word_1_239' title='bbox 560 3991 577 4046; x_wconf 87' lang='lat'>7</span> <span class='ocrx_word' id='word_1_240' title='bbox 598 3989 763 4048; x_wconf 84' lang='lat' dir='ltr'><strong>November</strong></span> <span class='ocrx_word' id='word_1_241' title='bbox 785 3992 870 4049; x_wconf 84' lang='grc'><strong>1563.</strong></span> 
     </span>
    </p>
   </div>
   <div class='ocr_carea' id='block_1_5' title="bbox 121 4105 1199 4182">
    <p class='ocr_par' dir='ltr' id='par_1_10' title="bbox 121 4105 1199 4182">
     <span class='ocr_line' id='line_1_34' title="bbox 121 4105 1199 4182; baseline 0.006 -22"><span class='ocrx_word' id='word_1_242' title='bbox 121 4106 220 4174; x_wconf 80' lang='lat' dir='ltr'><strong>Fragt,</strong></span> <span class='ocrx_word' id='word_1_243' title='bbox 241 4122 324 4160; x_wconf 88' lang='lat' dir='ltr'><strong>vrann</strong></span> <span class='ocrx_word' id='word_1_244' title='bbox 342 4105 388 4160; x_wconf 90' lang='lat' dir='ltr'><strong>die</strong></span> <span class='ocrx_word' id='word_1_245' title='bbox 406 4107 543 4163; x_wconf 86' lang='lat' dir='ltr'><strong>litthauer</strong></span> <span class='ocrx_word' id='word_1_246' title='bbox 562 4111 711 4164; x_wconf 80' lang='lat' dir='ltr'><strong>eludentem</strong></span> <span class='ocrx_word' id='word_1_247' title='bbox 725 4110 776 4165; x_wconf 89' lang='lat' dir='ltr'><strong>deu</strong></span> <span class='ocrx_word' id='word_1_248' title='bbox 796 4110 899 4182; x_wconf 79' lang='lat' dir='ltr'><strong>herzog</strong></span> <span class='ocrx_word' id='word_1_249' title='bbox 917 4111 1059 4168; x_wconf 87' lang='lat' dir='ltr'><strong>besuehcn</strong></span> <span class='ocrx_word' id='word_1_250' title='bbox 1078 4113 1199 4169; x_wconf 82' lang='lat' dir='ltr'><strong>lrdnuen.</strong></span> 
     </span>
    </p>
   </div>
   <div class='ocr_carea' id='block_1_6' title="bbox 626 4234 641 4266">
    <p class='ocr_par' dir='ltr' id='par_1_11' title="bbox 626 4234 641 4266">
     <span class='ocr_line' id='line_1_35' title="bbox 626 4234 641 4266; baseline 0 0"><span class='ocrx_word' id='word_1_251' title='bbox 626 4234 641 4266; x_wconf 67' lang='lat' dir='ltr'><strong>’li</strong></span> 
     </span>
    </p>
   </div>
   <div class='ocr_carea' id='block_1_7' title="bbox 123 4328 1128 4490">
    <p class='ocr_par' dir='ltr' id='par_1_12' title="bbox 123 4328 1128 4490">
     <span class='ocr_line' id='line_1_36' title="bbox 123 4328 751 4394; baseline 0.008 -12"><span class='ocrx_word' id='word_1_252' title='bbox 123 4331 135 4382; x_wconf 94' lang='lat' dir='ltr'><strong>l</strong></span> <span class='ocrx_word' id='word_1_253' title='bbox 158 4328 339 4394; x_wconf 73' lang='lat' dir='ltr'><strong>unbekannt,</strong></span> <span class='ocrx_word' id='word_1_254' title='bbox 359 4329 412 4384; x_wconf 83' lang='lat' dir='ltr'><strong>auf</strong></span> <span class='ocrx_word' id='word_1_255' title='bbox 428 4347 486 4384; x_wconf 84' lang='lat' dir='ltr'><strong>was</strong></span> <span class='ocrx_word' id='word_1_256' title='bbox 503 4347 532 4384; x_wconf 87' lang='lat' dir='ltr'><strong>es</strong></span> <span class='ocrx_word' id='word_1_257' title='bbox 551 4331 610 4384; x_wconf 80' lang='lat' dir='ltr'><strong>sich</strong></span> <span class='ocrx_word' id='word_1_258' title='bbox 632 4332 751 4387; x_wconf 82' lang='lat' dir='ltr'><strong>beziehh.</strong></span> 
     </span>
     <span class='ocr_line' id='line_1_37' title="bbox 123 4415 1128 4490; baseline 0.007 -20"><span class='ocrx_word' id='word_1_259' title='bbox 123 4417 139 4470; x_wconf 79' lang='lat'>2</span> <span class='ocrx_word' id='word_1_260' title='bbox 158 4415 222 4471; x_wconf 89' lang='lat' dir='ltr'><strong>Wie</strong></span> <span class='ocrx_word' id='word_1_261' title='bbox 242 4433 271 4471; x_wconf 86' lang='lat' dir='ltr'><strong>ee</strong></span> <span class='ocrx_word' id='word_1_262' title='bbox 290 4417 399 4472; x_wconf 82' lang='lat' dir='ltr'><strong>seheinb</strong></span> <span class='ocrx_word' id='word_1_263' title='bbox 418 4435 473 4473; x_wconf 85' lang='lat' dir='ltr'><strong>von</strong></span> <span class='ocrx_word' id='word_1_264' title='bbox 492 4418 542 4473; x_wconf 87' lang='lat' dir='ltr'><strong>der</strong></span> <span class='ocrx_word' id='word_1_265' title='bbox 559 4419 821 4490; x_wconf 87' lang='lat' dir='ltr'><strong>gesammtausgebe</strong></span> <span class='ocrx_word' id='word_1_266' title='bbox 839 4421 930 4476; x_wconf 88' lang='lat' dir='ltr'><strong>seiuer</strong></span> <span class='ocrx_word' id='word_1_267' title='bbox 948 4421 1050 4476; x_wconf 85' lang='lat' dir='ltr'><strong>werke.</strong></span> <span class='ocrx_word' id='word_1_268' title='bbox 1127 4467 1128 4470; x_wconf 62' lang='lat'><strong>,</strong></span> 
     </span>
    </p>
   </div>
   <div class='ocr_carea' id='block_1_8' title="bbox 0 0 1436 5080">
    <p class='ocr_par' dir='ltr' id='par_1_13' title="bbox 0 0 1436 5080">
     <span class='ocr_line' id='line_1_38' title="bbox 0 0 1436 5080; baseline 0 1"><span class='ocrx_word' id='word_1_269' title='bbox 0 0 1436 5080; x_wconf 95' lang='lat' dir='ltr'><strong> </strong></span> 
     </span>
    </p>
   </div>
  </div>
 </body>
</html>
