2862 5080
752 341 817 404 424·
1289 339 1350 396 1511

210 527 292 570 3333
312 525 444 584 operam,
474 509 569 568 omnia
589 511 722 584 inquam,
750 527 927 586 quaecunque
948 520 1068 585 possunt
1087 513 1124 572 ab
1149 511 1263 572 homine
1284 511 1350 573 desi·

210 615 316 688 133331,
338 614 579 689 quemadmodum
599 622 713 677 constat
733 633 770 675 ex
789 618 904 689 litteris,
925 634 996 690 quas
1016 619 1114 678 adme
1129 619 1253 692 scripsit,
1274 633 1350 691 quas·

210 738 266 795 que
283 721 319 779 ad
332 720 540 779 celsitudinem
553 721 688 782 Vestram
699 723 791 782 mitto.
813 722 902 782 Plura
917 738 974 782 uon
988 721 1074 794 addo,
1088 722 1285 782 Illustrissima
1294 719 1351 781 031-

208 826 304 886 situdo
319 825 424 884 Vestra
436 813 603 885 suautatur
614 828 766 900 sapientia,
788 829 834 887 oui
850 844 895 887 me
910 834 1078 888 reverenter
1089 825 1195 886 refero.
1218 825 1352 901 Dignatur

209 931 312 990 audire
334 935 468 1004 nepotem
494 936 524 990 et
552 948 615 1004 quae
637 931 715 990 Deus
743 931 876 1002 voluerit,
904 932 1075 992 deliberare.
1117 931 1221 992 Gratia
1249 937 1352 1004 31333

211 1039 248 1096 311
269 1053 332 1094 oum
352 1035 403 1096 1113
423 1049 552 1108 semper,
583 1052 628 1094 me
650 1035 800 1096 humiliter
820 1039 998 1097 commendo.
1038 1032 1138 1096 Mitto
1154 1039 1260 1110 etiam,
1290 1053 1352 1110 quas

209 1141 316 1206 adme
343 1141 455 1214 legatus
482 1140 579 1200 1131133
608 1140 707 1214 dedit,
739 1147 771 1200 ut
790 1141 824 1201 in
852 1141 956 1203 bonam
985 1159 1064 1216 spem
1089 1147 1219 1203 venerim
1246 1145 1291 1203 rei
1308 1161 1352 1216 po·

209 1245 326 1306 tiundoe.

287 1360 425 1432 Tubinpae
447 1360 495 1420 dic
515 1361 607 1434 primo
629 1364 709 1423 Junii
733 1364 818 1423 1164.

970 1465 1128 1539 Vergerius
1148 1464 1283 1524 servitor.

750 1710 818 1766 210.
884 1710 885 1713 ’

518 1838 643 1927 Verger
667 1864 708 1908 an
731 1841 849 1928 herzog
873 1840 1055 1926 christoph.

584 1971 733 2046 Ttbingen
756 1976 791 2031 18
812 1974 881 2034 Juni
903 1975 987 2070 1564.

281 2085 472 2145 Nachrichten
491 2104 541 2146 aus
560 2092 758 2148 Graubtinden.
837 2105 838 2110 ¹

252 2186 256 2192 “
291 2184 490 2244 illustrissime
510 2186 649 2258 Princeps
671 2192 700 2242 et
721 2185 843 2243 Domine
864 2185 986 2244 Domine
1008 2183 1261 2244 clementissime!

287 2289 374 2348 Venit
395 2291 555 2352 3111133113
575 2290 716 2364 quispiam
730 2305 766 2346 ex
781 2291 861 2362 meis,
884 2290 933 2362 qui
947 2288 1033 2352 affert
1047 2271 1130 2357 nova]
1153 2289 1251 2362 qualia
1272 2287 1356 2347 dicam

209 2394 345 2452 breviter.
376 2395 534 2455 Abundant
553 2395 613 2456 illic
634 2395 749 2468 mih'tes,
771 2395 823 2454 sed
843 2397 872 2452 in
888 2395 1003 2469 oppido,
1024 2395 1101 2468 quod
1117 2395 1269 2468 appellant
1283 2393 1355 2452 Felt-

208 2498 291 2556 kirolr
321 2502 483 2574 praecipue;
513 2497 641 2571 pertinet
669 2497 745 2556 enim
769 2497 806 2554 ad
833 2497 999 2562 comitatum
1028 2497 1223 2566 Tirolensem,
1253 2498 1356 2570 aliquot

209 2603 286 2662 mille
307 2604 412 2664 milites
433 2605 492 2664 11113
512 2609 722 2674 convenerunt,
754 2601 850 2662 Gaesar
870 2603 986 2661 videtur
1006 2602 1189 2674 consentire,
1221 2606 1255 2660 ut
1283 2601 1355 2660 colli·

207 2715 320 2781 gantur.
361 2709 457 2770 curie
477 2711 644 2770 Rhaetorum
663 2707 780 2766 fuerunt
800 2706 883 2766 aurbu
905 2707 1010 2781 legati,
1033 2705 1184 2766 Gallicus¹
1206 2711 1237 2764 31
1257 2707 1355 2780 Η1333-

207 2813 287 2872 nicus
295 2811 314 2886 ¹,
336 2816 384 2886 qui
403 2813 616 2874 contenderunt
635 2829 692 2871 non
714 2812 811 2894 verbis
831 2815 953 2882 tantum,
975 2811 1027 2868 sed
1047 2828 1110 2870 cnm
1128 2819 1227 2870 333331
1242 2812 1274 2870 in
1287 2811 1355 2870 atrio

207 2907 381 2992 principum,
406 2919 492 2977 armis
519 2918 662 2990 egissent,
687 2917 711 2974 si
741 2930 796 2972 non
818 2912 941 2974 fuissent
961 2914 1093 2986 impediti
1113 2913 1150 2972 ab
1170 2914 1356 2984 adstantibus,

201 3023 260 3090 Ι331
281 3023 396 3082 demum
416 3023 548 3082 discessit
575 3029 697 3094 uterque
725 3021 800 3080 alter
819 3019 1035 3092 Mediolanum,
1068 3020 1144 3078 alter
1174 3021 1205 3077 in
1227 3020 1355 3080 Galliam.

208 3127 369 3188 Insurrexit
388 3129 475 3190 turba
494 3129 639 3186 hominum
658 3129 825 3185 tenuiorum
846 3131 876 3183 et
896 3126 1070 3184 rusticorum
1090 3126 1202 3198 majore
1218 3129 1354 3198 exparte,

209 3234 258 3306 qui
278 3233 449 3292 accedentes
470 3234 507 3292 ad
527 3235 655 3306 legatum
665 3231 854 3304 Hispanicum
875 3229 1045 3302 clamabant,
1067 3247 1098 3290 33
1118 3247 1291 3306 praeponere
1310 3230 1356 3289 lli·

209 3339 357 3412 spenioum
385 3337 499 3410 foedus,
530 3339 580 3397 alii
607 3353 677 3397 vero
703 3337 850 3410 graviores
878 3341 907 3396 et
934 3336 1139 3408 prudentiores
1152 3351 1154 3354 ·
1167 3337 1356 3408 praetuleruut

209 3441 359 3502 Gallicum.
401 3443 456 3517 Qui
476 3459 529 3516 pro
551 3443 706 3517 Hispanico
726 3447 926 3510 accesserunt,
956 3439 1075 3500 fuerunt
1093 3443 1272 3510 remunerati
1293 3457 1354 3499 con·

208 3549 283 3607 vivio
305 3548 415 3608 scilicet
436 3550 553 3621 copioso
578 3548 614 3606 31
635 3548 774 3622 Hispano.
815 3548 881 3609 Nou
909 3554 1004 3608 cessat
1026 3547 1159 3606 Clavenae
1184 3547 1353 3620 pestilentia,

207 3656 264 3712 imo
286 3655 368 3712 soevit
388 3653 518 3728 quotidie
538 3655 637 3727 magis.
656 3707 657 3714 ,
678 3655 792 3714 Inventi
813 3660 880 3712 sunt
899 3653 1134 3712 Mediolanenses
1160 3653 1281 3725 medici,
1310 3651 1354 3726 qui

208 3764 351 3830 praetextu
370 3759 520 3818 medicinae
540 3757 726 3833 adhibuerint
740 3763 897 3829 33333313,
919 3757 1022 3830 quibus
1036 3758 1233 3831 pestismagis
1248 3755 1353 3816 iniiam·

208 3870 344 3944 meretur,
366 3871 396 3924 et
415 3864 533 3925 fuerunt
554 3865 650 3938 ejecti.
682 3863 714 3921 13
730 3863 812 3922 Valle
832 3862 944 3920 Tellina
964 3862 1083 3922 intrarit
1103 3863 1200 3935 gravis
1221 3863 1352 3922 dissensio

208 3971 286 4028 inter
315 3970 457 4042 evangelii
483 3970 643 4028 ministrum
671 3973 702 4026 et
736 3967 890 4041 populum;
922 3971 1042 4040 putatur
1071 3965 1159 4026 fuisse
1187 3983 1256 4038 opus
1282 3964 1351 4024 3311-

777 4109 792 4143 ‘l‘

280 4220 294 4274 l
314 4220 340 4276 S.
360 4238 386 4276 n.
406 4221 466 4275 204.
502 4219 648 4276 Belli'evre.
1057 4253 1060 4260 ·

278 4309 295 4361 2
314 4307 468 4364 Verboccus
487 4326 508 4362 3.
526 4325 554 4362 3.
572 4309 648 4366 2023
675 4309 742 4364 oder
769 4309 916 4366 vielleicht
942 4308 992 4364 der
1016 4327 1043 4364 n.
1062 4309 1113 4364 209
1134 4307 1273 4366 erwahnte
1290 4322 1348 4375 spa·

208 4393 304 4453 313313
322 4395 467 4471 gesandte,
486 4396 584 4451 dassen
603 4413 685 4457 name
703 4395 784 4454 nicht
803 4397 932 4470 genennt
949 4395 995 4450 ist.
1032 4395 1060 4450 S.
1078 4414 1106 4451 n.
1124 4396 1184 4454 206.
