2862 5080
770 369 834 428 430
1304 359 1349 416 lttl

227 533 313 591 hodie
334 531 386 591 sub
407 539 520 591 noctem
540 523 765 608 Herrenbergae,
787 552 852 595 cras
872 537 1012 610 Tubingae
1031 525 1156 596 iuturus.
1188 537 1248 596 Sed
1267 555 1349 596 menn

226 653 280 711 ego
311 639 422 696 consilii
451 637 638 698 celsitudinis
660 641 795 699 Vestrae¹
822 644 920 700 monui
946 659 999 716 per
1019 635 1160 713 litteras,'
1178 659 1215 700 ne
1236 641 1349 714 Tubinpe

225 743 395 801 consisteret
415 743 530 817 (dextre
551 743 676 818 tamen),
698 744 750 802 sed
771 752 926 816 vagaretur
945 745 1012 803 hinc
1033 753 1064 804 et
1083 744 1163 802 illine
1183 761 1229 802 me
1251 745 1349 803 ducente

224 863 277 920 por
298 847 451 916 ducatum,
484 847 576 906 donec
606 847 769 920 quindecim
798 848 859 906 dics
887 849 1074 907 elaberentur
1096 849 1185 921 Justis
1210 851 1248 907 dc
1274 852 1350 907 causis.

225 951 288 1024 Ego
310 952 455 1022 constitui,
476 951 567 1023 illum,
590 949 637 1008 nbi
659 949 825 1021 advenerit,
850 937 1025 1031 Metzinpern
1048 951 1153 1008 ducere
1182 957 1213 1008 et
1239 951 1298 1008 illic
1319 951 1350 1008 ali·

225 1061 363 1130 quantum
384 1055 552 1114 subsistere.
594 1054 733 1113 Discessit
753 1073 770 1111 a
790 1070 836 1112 me
857 1072 921 1112 cum
942 1055 1048 1113 litteris
1069 1061 1098 1113 ct
1119 1071 1220 1127 spero,
1241 1056 1351 1115 illustris·

224 1159 324 1218 simum
340 1159 528 1218 Radzivillum
549 1157 700 1227 facturum,
723 1175 786 1232 qnae
806 1161 912 1231 monui,
934 1175 997 1218 eras
1012 1161 1258 1231 igiturdesingam
1278 1162 1352 1219 veniet

222 1264 259 1322 ad
287 1283 331 1322 me
361 1273 391 1324 et
417 1265 521 1324 deinde
546 1265 723 1338 Metzingsm
750 1281 841 1338 usque
871 1263 907 1340 (si
929 1265 1067 1322 Dominus
1092 1264 1245 1340 voluerit);
1275 1265 1351 1337 putari

223 1369 335 1428 Vestrae
346 1369 517 1428 delsitudini
537 1368 691 1427 indicanda
706 1369 810 1439 omnis,
831 1385 895 1442 qnae
916 1367 989 1427 liunt
1009 1369 1085 1441 apud
1105 1385 1171 1441 nos‚*
1189 1371 1244 1428 nec
1263 1369 1351 1437 dubito,
1409 1369 1410 1438 1

221 1473 263 1530 itu
284 1489 346 1531 esse
370 1474 547 1532 voluntatem
567 1489 628 1530 sum
649 1471 862 1530 dominationis.

303 1578 373 1649 Quae
389 1586 560 1636 reverenter
570 1578 705 1636 Vestram
717 1577 925 1637 Celsitudinem
937 1579 1022 1638 colit:
1045 1577 1134 1636 habet
1154 1595 1253 1636 secum
1272 1578 1353 1636 decen

223 1673 321 1755 equos,
342 1683 420 1742 vehit
440 1683 496 1742 duo
517 1683 649 1755 plaustra
668 1682 878 1756 suppellectilis
910 1689 940 1740 et
960 1684 989 1740 in
1011 1682 1055 1740 his
1076 1683 1222 1742 tantillum
1242 1684 1300 1740 vini
1317 1698 1353 1754 pro

222 1787 450 1847 necessitatibus.
490 1788 589 1855 Facio,
611 1787 687 1860 quod
714 1803 845 1860 possum,
874 1787 925 1846 sed
946 1789 969 1844 si
996 1788 1099 1846 liceret
1126 1788 1195 1846 mibi
1223 1789 1353 1860 aliquanto

219 1892 305 1964 plnre
324 1892 552 1964 subministrare,
576 1909 678 1966 nempe
700 1892 806 1952 victum
827 1893 993 1951 universum
1006 1909 1059 1966 per
1074 1893 1209 1964 Vestram
1223 1893 1353 1962 ditionem,

220 1993 321 2055 inciam
342 2003 439 2058 autem
459 1997 488 2054 in
509 2002 665 2068 posterum,
686 1995 826 2070 quidquid
848 1995 996 2056 Celsitudo
1017 1997 1123 2054 Vestra
1144 1997 1264 2070 dignate
1284 1995 1355 2055 inerit

219 2102 372 2175 mandare,
400 2103 484 2176 plura
511 2119 567 2160 nou
593 2101 696 2160 scribo.
737 2103 882 2174 Dignetur
903 2089 1061 2163 Gelsnndb
1074 2103 1180 2160 Vestra
1206 2103 1354 2161 meminisse

219 2197 289 2265 dere
309 2207 476 2265 mandatnm
497 2223 549 2264 suo
571 2207 689 2265 cellario
710 2207 746 2265 de
767 2207 912 2280 pecunie2
927 2207 997 2266 mihi
1011 2207 1115 2279 denda,
1138 2225 1193 2266 non
1208 2211 1272 2267 sinc
1285 2223 1355 2266 causa

218 2311 394 2370 mentionem
413 2309 503 2382 iaci03
526 2327 591 2370 nem
611 2311 726 2370 videtur
746 2305 816 2370 milri
836 2313 949 2370 illesus
962 2313 1081 2372 consilio
1095 2313 1235 2387 cogitare,
1256 2314 1354 2386 loquor,

218 2432 283 2489 quse
304 2422 387 2474 certo
406 2416 473 2474 seio.
502 2415 605 2475 Faciet
615 2417 720 2476 Vestra
734 2417 918 2475 ilustrissims
930 2417 1087 2489 Celsitudo,
1108 2392 1181 2491 qnae*
1193 2410 1354 2492 placuerint

217 2519 301 2578 mitto
321 2519 445 2594 litteras,
467 2537 538 2594 quas
556 2522 618 2596 ipse
640 2521 772 2595 princeps
793 2521 862 2580 mihi
882 2523 1038 2582 mittendas
1059 2515 1148 2580 dedit.
1190 2519 1355 2580 Commendo

214 2641 262 2700 unse
281 2631 452 2685 reverenter
471 2627 584 2685 Vestrae
606 2627 787 2695 celsitudini,
809 2629 889 2688 Dens
910 2645 972 2686 eam
993 2635 1090 2687 servet
1110 2627 1289 2686 incolumem.

296 2725 402 2789 Detum
421 2731 546 2806 lesingee
566 2733 668 2792 ultimo
691 2733 738 2792 die
759 2734 883 2805 Augusti
905 2749 980 2792 anno
1004 2735 1089 2792 1564.

491 2860 492 2864 ¹
517 2835 630 2895 Vestrae
651 2836 856 2896 illustrissimae
877 2835 1065 2896 Celsitudinis
1134 2852 1136 2854 ·

972 2941 1098 3000 servitor
1118 2941 1284 3012 Vergerius.

759 3204 825 3262 217.

523 3330 648 3418 Verger
670 3355 712 3399 an
737 3304 853 3420 herzog
877 3334 1060 3419 Christoph.

538 3463 703 3536 Metzingen
726 3469 742 3522 2
764 3463 935 3538 September
960 3467 1042 3525 1564.
1065 3464 1069 3470 '
1148 3465 1151 3472 '

284 3581 427 3638 Berichtet
446 3554 516 3637 ¹tiber
535 3583 590 3638 den
608 3583 771 3640 aufcnthalt
789 3603 844 3642 ron
862 3585 1005 3674 Redzivib
1036 3585 1226 3674 Neuigkeiten
1245 3603 1290 3641 aus
1307 3583 1349 3636 der

215 3677 346 3733 Schwem.

292 3777 487 3836 illustrissime
508 3777 647 3850 Princeps
668 3785 698 3838 et
719 3779 840 3837 Domine
860 3779 983 3837 Domine
1004 3777 1247 3838 clementissime!

291 3881 363 3940 Heri
384 3884 498 3956 vesperi
518 3883 692 3956 Metzingam
714 3886 795 3955 reni,
825 3885 985 3942 comitabar
1011 3890 1108 3942 eutem
1136 3883 1347 3942 illustrissimum

214 3986 371 4059 principem
400 3986 628 4057 Radzivillum⁸3
660 4005 724 4047 cum
752 3991 1001 4062 pervenissem,
1035 3989 1151 4059 excepit
1181 4005 1232 4046 nos
1256 3987 1347 4054 hospes

780 4130 795 4161 ’ll

282 4237 297 4318 d
317 4236 343 4291 S.
367 4255 393 4291 n.
413 4239 473 4292 214.
601 4265 610 4302 ,χ

280 4323 297 4374 2
316 4323 342 4376 S.
360 4341 387 4378 n.
406 4325 465 4406 215.
486 4327 569 4409 21511.

281 4410 298 4462 3
316 4410 343 4463 S.
362 4427 389 4463 n.
408 4413 468 4466 216.
