2830 5078
73 353 130 410 1558
599 363 653 426 171

136 530 248 590 Aifirmo
276 532 354 605 quod
381 532 538 606 principes,
570 532 618 604 qui
644 532 753 605 degunt
774 532 804 590 in
825 532 928 602 ltalia,
960 539 1100 608 quotquot
1121 539 1196 608 srrnt,

68 637 166 704 Veneti,
186 636 241 694 dux
262 635 418 704 Ferret-im,
441 635 498 694 dux
513 635 680 702 Florentio,
702 636 760 694 dux
777 635 887 710 Urbini,
909 637 967 697 dux
981 639 1118 708 Mantuae,
1140 639 1199 698 dux

67 741 162 798 Parme
182 747 211 798 et
230 741 388 799 Placentiae
410 748 440 800 et
460 741 564 814 reliqui
588 740 732 798 domicelli
754 757 920 812 persuasum
942 743 1061 816 babent,
1086 744 1111 802 si
1131 761 1198 803 con·

65 845 145 902 cilium
166 843 368 904 celebrandum
394 845 447 915 sit,
473 843 535 904 fore
564 852 595 904 ut
623 845 788 904 celebretur
809 847 993 906 christianum
1016 854 1046 908 ct
1065 848 1197 921 liberum,

65 949 147 1022 qualia
164 948 286 1020 legimus
306 949 416 1022 aliquot
436 947 524 1008 fuisse
546 949 693 1008 celebrata
713 949 868 1024 aliquando
889 951 917 1008 iu
939 951 1061 1012 eeclesia
1083 953 1147 1024 Dei,
1168 954 1197 1012 io

66 1054 152 1126 quibus
171 1061 305 1128 pastores
326 1059 413 1128 atque
435 1054 484 1114 alii
504 1053 572 1114 boni
594 1055 662 1124 viri,
684 1057 794 1128 pietate
816 1062 846 1114 et
867 1056 997 1116 doctriua
1017 1063 1196 1132 praestantes,

65 1157 133 1215 libori
152 1159 290 1231 imprimis
310 1158 347 1216 ab
362 1161 438 1218 omni
454 1159 567 1218 viuculo
580 1160 748 1240 juramenti,
770 1177 826 1232 quo
848 1161 930 1234 papis
955 1164 1194 1236 astringerentur,

65 1267 88 1318 et
105 1264 179 1320 vacui
200 1262 236 1320 ab
258 1264 336 1322 oruui
357 1263 499 1335 passione,
521 1262 652 1322 omnibus
670 1262 826 1334 diligenter
840 1264 956 1334 auditis,
976 1265 1024 1337 qui
1039 1265 1197 1324 voluisseut

61 1367 190 1438 accedere,
211 1367 442 1439 pronunciabant
462 1367 562 1436 libere,
585 1367 662 1440 quod
684 1369 856 1428 sentiebant.

129 1471 194 1529 Tale
217 1473 335 1546 inquam
362 1472 510 1530 concilium
532 1471 677 1546 principes
699 1471 790 1530 Italiae
821 1471 912 1547 (quod
937 1471 1096 1532 certissime
1123 1471 1196 1550 scio)

63 1582 252 1646 persuaserunt
274 1577 337 1646 sibi,
359 1577 465 1650 Papam
488 1576 563 1634 velle
585 1576 743 1647 celebrare,
776 1583 864 1650 atquo
895 1577 961 1636 ideo
982 1579 1006 1636 si
1027 1577 1097 1636 nibil
1118 1576 1196 1634 aliud

63 1680 218 1752 intelligant,
241 1680 378 1740 facillime
400 1681 547 1751 patientur·
568 1680 621 1738 sibi
644 1679 762 1752 abipso
784 1681 863 1752 Papa
883 1681 1069 1753 persuaderi,
1091 1685 1123 1738 ut
1143 1697 1197 1754 pro

64 1785 119 1842 talis
139 1785 249 1844 concilii
272 1785 442 1844 executione
463 1799 543 1842 arma
564 1785 690 1858 caprinum
713 1801 778 1843 uam
799 1786 959 1857 justissima
979 1784 1036 1843 illis
1052 1785 1197 1846 ridebitur

65 1904 137 1947 eausa
155 1889 233 1962 belli,
255 1906 350 1963 ireque
371 1895 508 1962 poterunt
527 1907 558 1948 se
581 1905 728 1962 excusare,
750 1906 786 1946 ne
807 1892 931 1962 capiant.

130 1995 235 2054 lterum
265 1994 348 2066 dien,
379 1994 455 2068 quod
477 1992 596 2064 affirmo,
624 1995 769 2074 principes
789 1995 882 2052 italiae
903 2010 975 2062 esse,
1003 1994 1042 2052 ita
1065 1999 1097 2051 ut
1119 1993 1192 2065 dico,

63 2111 207 2166 persuasos,
229 2098 404 2158 crediderim
424 2103 519 2156 autom
542 2115 598 2156 uon
619 2098 706 2156 alitor
726 2113 879 2170 persuasos
900 2113 981 2165 esse,
1009 2112 1106 2170 regem
1129 2097 1196 2157 Gal·

63 2199 148 2275 lorum,
169 2221 267 2276 regem
289 2203 502 2275 Hispaniarum,
524 2217 621 2274 regem
645 2201 812 2274 Lusitaniae,
834 2219 931 2274 regem
952 2202 1089 2261 Polouiae.

128 2306 194 2364 Cum
214 2308 338 2382 primum
364 2307 453 2379 igitur
474 2307 554 2380 Papa
581 2307 762 2378 evulgaverit
790 2307 975 2366 indictionem
1002 2305 1133 2377 concilii,
1165 2307 1195 2364 iu

64 2425 109 2480 qua
126 2412 333 2483 proculdubio
355 2411 522 2484 apparebit,
545 2412 626 2470 illum
648 2411 722 2470 velle
745 2411 954 2485 iniquissimum
976 2411 1127 2472 courcilium
1149 2428 1195 2470 oe·

63 2512 169 2588 lebrare,
189 2522 259 2574 tune
280 2519 376 2574 statim
398 2523 530 2590 putarem
551 2515 733 2576 adornandas
747 2515 782 2576 ab
797 2515 997 2576 illustrissimis
1011 2515 1194 2590 principibus,

63 2620 257 2694 quierangelio
280 2638 383 2680 nomeu
406 2622 558 2690 dederuut,
580 2622 762 2694 gravissimas
782 2621 943 2694 legationes
964 2628 1022 2679 tarn
1043 2621 1080 2680 ad
1101 2635 1194 2694 reges,

63 2739 133 2792 quam
152 2725 187 2782 ad
207 2727 354 2799 principes
374 2726 468 2784 Italiae
489 2731 518 2784 et
539 2724 596 2784 illis
627 2741 690 2784 esse
719 2723 955 2796 significandum,
985 2725 1093 2798 Papam
1115 2724 1194 2782 evul-

62 2843 130 2896 gasse
149 2831 336 2890 indictionem
358 2831 487 2901 concilii,
518 2831 547 2888 in
574 2846 630 2904 qua
650 2837 750 2902 aperte
772 2847 802 2888 se
823 2829 929 2902 prodit,
950 2829 1024 2888 velle
1044 2831 1196 2901 ipsummet

61 2931 170 2999 judicem
191 2952 256 2994 esse
278 2936 306 2992 in
334 2952 420 2993 causa
450 2935 585 3007 propria,
617 2941 647 2991 et
674 2951 727 3007 per
757 2951 823 2992 suos
853 2934 1019 3006 conjuratos
1047 2933 1195 3006 episcopos

66 3041 194 3110 statuere,
221 3040 355 3113 quicquid
378 3039 430 3096 sibi
453 3039 612 3112 placuerit,
644 3039 719 3113 quod
742 3045 785 3096 est
805 3040 999 3112 inquissimum
1029 3047 1115 3112 atquc
1146 3037 1196 3096 ab·

65 3141 254 3202 surdissimum.
305 3145 400 3216 Quare
432 3143 577 3218 principes
604 3150 799 3215 protestantes
826 3161 947 3216 rogare,
979 3149 1010 3201 ut
1040 3143 1197 3216 diligenter

63 3260 111 3301 rem
132 3250 301 3318 expendant,
323 3265 359 3306 an
381 3249 644 3322 aequumridoatur,
668 3248 768 3321 utqui
790 3255 834 3306 tot
856 3249 937 3306 anuis
958 3254 1110 3307 accusatur
1129 3263 1194 3319 pro·

66 3347 122 3406 ditae
142 3354 303 3412 cbristiaum
324 3354 488 3428 religiouiS,
518 3353 594 3412 idem
625 3355 729 3426 spretis
750 3355 925 3426 reliquorum
947 3353 1064 3425 judiciis
1090 3352 1195 3410 debeat

63 3467 127 3511 nuno
145 3473 206 3516 esse
233 3459 312 3516 solus
335 3457 434 3530 judex.
477 3457 619 3530 Imprimis
640 3474 708 3516 vero
730 3457 901 3530 expendant,
923 3474 958 3515 au
980 3458 1128 3516 eluistiaui
1149 3474 1194 3516 re·

63 3572 103 3625 gea
122 3565 148 3616 et
169 3562 312 3635 principes
334 3561 459 3620 debeant
479 3567 581 3635 postea
606 3579 687 3622 arma
715 3577 828 3620 sumere
858 3579 909 3632 pro
938 3564 1107 3620 executione
1135 3568 1194 3620 tam

64 3663 188 3729 tpenrrici
209 3666 321 3724 coricilii
343 3672 491 3740 totumque
513 3673 656 3726 terrarum
674 3667 771 3725 orbem
792 3667 868 3725 bello
888 3667 1059 3740 perturbare
1081 3672 1111 3724 et
1132 3681 1194 3723 vas·

64 3767 128 3837 tnre;
158 3772 282 3840 cogitent
310 3771 413 3844 potius,
436 3771 543 3842 Papam
574 3788 690 3828 mouere
713 3771 749 3828 de
777 3773 832 3830 alia
853 3771 966 3830 aoncilii
988 3769 1079 3828 forma
1101 3776 1128 3828 et
1151 3787 1195 3827 ra-

64 3867 129 3926 tione
148 3872 279 3946 ineunda,
302 3893 365 3948 quse
383 3877 464 3948 justu
486 3875 523 3933 sit
545 3881 574 3932 et
594 3875 769 3946 tolerabilis3
791 3876 1021 3948 principescnim
1033 3875 1194 3934 Goruraniee

65 3987 110 4028 nou
129 3975 260 4050 defugere
277 3979 478 4051 cognitionem,
499 3981 583 4038 modo
601 3981 639 4038 sit
654 3957 790 4051 honcs'te3
813 3986 867 4038 etc.
883 3980 912 4037 in
927 3981 999 4038 lianc
1012 3980 1194 4050 seutentiam,

65 4091 117 4145 qnae
137 4088 268 4151 poterunt
288 4085 345 4144 dici
365 4086 498 4156 plurima.

129 4184 157 4241 Si
178 4189 246 4246 tales
267 4190 426 4262 legationes
447 4189 683 4261 gravissimorum
710 4190 856 4247 luonrinum
884 4191 969 4248 etiam
1002 4191 1135 4247 comitum
1164 4195 1194 4247 et

67 4279 187 4346 baronum
206 4293 363 4365 mittantur,
385 4293 434 4366 qni
455 4292 674 4364 diligentissime
689 4295 831 4366 aperiant,
853 4294 937 4366 quale
950 4293 1099 4350 concilium
1114 4292 1194 4364 Papa

69 4387 125 4448 uelit
142 4393 291 4466 celebrare,
314 4413 367 4470 ego
387 4413 490 4472 spero,
512 4397 588 4472 quod
608 4399 633 4456 si
654 4414 710 4456 nou
732 4385 847 4468 omues,
874 4399 977 4458 saltem
998 4413 1100 4470 magua
1126 4412 1194 4472 pars
