2852 5076
795 379 837 440 84
1141 415 1149 432 .
1321 375 1369 429 1555

139 569 149 600 ;
244 563 308 608 cum
327 562 373 606 me
392 543 533 619 conferre,
554 543 602 604 nbi
623 547 794 606 convenient
815 545 867 616 illi,
889 545 938 620 qni
958 563 1004 606 me
1025 552 1092 606 sunt
1111 547 1278 620 adjuvaturi
1293 547 1320 606 io
1335 565 1370 608 nc·

244 651 323 725 gotio
342 651 396 710 hoc
416 657 533 722 sancto,
565 656 595 708 et
622 633 707 723 spero
734 666 780 708 mo
801 650 866 709 illos
886 649 1092 724 perducturum
1113 651 1169 710 huc
1189 652 1370 726 Goeppingan,

244 757 294 815 ubi
313 753 408 814 versio
428 753 487 812 fiat.
529 752 617 813 Certe
639 771 696 813 non
716 756 808 826 otior,
829 755 885 813 Dei
905 756 1014 828 gratia,
1036 756 1085 829 qui
1105 756 1175 814 mihi
1195 758 1325 830 spiritum
1341 763 1371 814 at·

244 877 300 934 que
321 860 501 919 alacritatem
521 857 617 932 addit,
638 859 721 920 addit
741 861 828 919 etiam
848 861 923 920 hunc
943 860 1092 920 doctorem
1111 859 1215 934 Fabri,
1247 878 1305 934 quo
1322 878 1371 936 pro-

244 963 321 1024 iecto
340 964 426 1037 pauci
446 963 536 1036 magis
556 961 704 1024 ferventes
724 963 774 1032 ubi
794 963 830 1022 do
857 965 949 1038 gloria
968 964 1024 1023 Dei
1050 965 1166 1040 551155,
1196 968 1324 1038 poterint
1342 969 1372 1024 in·

243 1068 356 1138 veniri3
388 1067 468 1126 Deus
496 1065 594 1140 itaqua
625 1066 753 1140 undique
783 1065 906 1139 impellit
936 1074 966 1126 et
982 1069 1083 1141 juvat,
1113 1076 1147 1128 ut
1166 1071 1197 1130 in
1217 1071 1282 1143 ejus
1303 1087 1371 1130 caua

243 1173 380 1234 laborem.

322 1275 381 1338 Oro
406 1280 546 1334 aeternnm
573 1280 685 1346 patrem
713 1272 820 1332 donnini
848 1272 939 1334 nostri
967 1275 1040 1334 Josu
1069 1276 1196 1350 Christi,
1227 1286 1260 1339 ut
1282 1280 1373 1339 Vestra

246 1380 420 1440 Celsitndini
440 1386 583 1453 perpetuo
604 1379 681 1438 adsit
701 1395 753 1438 suo
773 1378 894 1452 spiritu,
921 1396 987 1439 nam
1008 1398 1107 1441 omnes
1126 1384 1240 1456 piorum
1261 1385 1373 1444 ecclesie

244 1503 302 1546 non
322 1485 439 1546 aliunde
459 1501 536 1544 nunc
556 1485 693 1558 pendent,
715 1502 752 1544 ne
769 1485 924 1560 impiorum
938 1486 1065 1546 consiliis
1079 1488 1288 1563 opprimantur,
1309 1506 1373 1562 quan

245 1610 264 1652 a
284 1592 390 1652 Vestra
409 1593 520 1666 pictate
541 1598 572 1650 et
590 1590 754 1663 prudentia,
776 1589 951 1650 Commendo
971 1608 1017 1652 me
1037 1599 1216 1653 reverenter.

324 1714 493 1786 Goeppingae
512 1711 567 1770 XV
589 1711 721 1772 55555551
743 1713 828 1771 1555.

1027 1897 1032 1914 ³
1145 1817 1313 1892 Vergerius.
1422 1857 1424 1922 ᾖ

787 2119 856 2178 lia.

546 2246 672 2333 Verger
694 2269 736 2312 an
759 2247 879 2332 herzog
902 2246 1087 2332 Christoph.

315 2388 411 2443 Dieser
434 2385 511 2442 brief
530 2385 603 2440 ohne
627 2384 724 2440 datum
752 2385 811 2440 und
835 2385 1016 2441 untcrsohrift
1042 2386 1144 2456 gehiirt
1167 2387 1197 2441 in
1226 2387 1319 2442 diesen
1341 2405 1375 2440 nu·

244 2484 456 2554 sammenhang.

315 2597 421 2674 Yergcr
448 2594 533 2649 bittet
558 2612 606 2648 um
634 2595 683 2650 des
710 2596 827 2666 hernogs
850 2596 1041 2667 vervendung
1065 2597 1110 2651 lut
1136 2598 1153 2650 2
1178 2597 1334 2668 gefangeno
1353 2595 1374 2648 in

244 2683 402 2750 (1515555155
421 2690 478 2746 und
496 2689 541 2744 ior
559 2689 664 2745 Baldus
682 2690 712 2745 in
732 2691 870 2762 Venedig.

321 2805 519 2868 Illustrissime
540 2805 679 2880 Princeps
699 2813 729 2866 et
750 2805 872 2866 Domine
894 2805 1123 2867 Gratiosissimel

320 2913 463 2985 Dignatur
484 2908 632 2971 Celsitudo
652 2909 757 2967 Vestra
776 2925 830 2982 pro
850 2925 903 2966 sua
926 2909 1081 2969 clementia
1105 2917 1135 2970 ot
1156 2927 1225 2970 vera
1245 2913 1275 2970 in
1294 2913 1375 2971 Deum

244 3019 354 3093 pietate
367 3016 475 3078 hahere
487 3017 517 3074 in
530 3016 668 3074 memoria
682 3015 819 3088 Augusta
831 3031 946 3074 oausam
958 3014 1116 3075 infelicium
1131 3015 1247 3074 illorum
1268 3017 1376 3075 duorum

244 3121 458 3182 adolescentum
483 3119 606 3179 fratrum
621 3118 645 3188 ¹,
673 3119 722 3192 qui
746 3121 806 3192 jam
827 3125 871 3178 tot
890 3118 973 3178 annis
992 3122 1097 3194 captivi
1118 3121 1286 3179 detinentur
1305 3139 1322 3178 a
1340 3136 1376 3176 se·

244 3226 396 3287 renissimo
423 3241 493 3300 rege
519 3223 714 3283 Romanorum
733 3223 770 3282 ob
791 3221 893 3282 falsam
913 3226 1127 3298 suggestionem
1154 3223 1233 3283 illius
1258 3223 1374 3298 Rispani.

244 3333 356 3391 Nomen
385 3346 484 3390 eorum
512 3338 557 3388 est
576 3329 670 3388 Julius
699 3334 729 3386 et
749 3326 853 3386 Darius
882 3346 917 3387 ex
943 3327 1052 3388 familia
1079 3328 1269 3388 Guardorum.
1307 3325 1377 3385 Patri

243 3453 347 3496 nomen
368 3434 424 3494 fuit
444 3435 575 3493 Sanctus.
605 3433 675 3504 Arx,
697 3435 725 3491 in
748 3451 805 3507 qua
824 3431 942 3494 luerunt
962 3436 1047 3508 capti,
1070 3441 1099 3494 et
1120 3441 1164 3492 est
1185 3435 1247 3493 solo
1268 3437 1377 3506 aquata

243 3539 444 3614 appellabatur
460 3537 593 3598 Castrum
613 3554 725 3610 novum,
746 3553 809 3596 eam
829 3555 884 3596 nec
903 3537 1016 3596 reditus
1036 3544 1181 3611 repetunt,
1202 3555 1259 3598 non
1279 3539 1378 3600 curant,
1419 3577 1420 3616 3

243 3647 296 3706 sed
316 3651 428 3704 tantum
447 3641 565 3702 liberari
587 3657 623 3700 ex
642 3647 701 3700 tam
722 3641 860 3700 diuturna
880 3648 910 3700 et
930 3641 1092 3702 miserrima
1106 3644 1281 3719 captivitate,
1302 3654 1378 3715 quum

243 3757 340 3810 minen
360 3747 432 3806 nihil
451 3747 519 3806 mali
540 3744 668 3819 egerint,
700 3753 783 3805 erant
804 3744 880 3806 enirn
901 3745 961 3806 illie
986 3765 1004 3806 a
1030 3755 1114 3820 patra
1140 3749 1244 3808 relicti.
1282 3747 1377 3805 Vestra

808 3876 825 3912 .

244 3982 403 4054 grundstat
422 3980 604 4038 5155515515
623 3979 653 4035 in
671 3981 766 4036 oram
784 3980 870 4035 nuum
888 3998 919 4036 er
938 3981 992 4035 een
1011 3981 1207 4051 lebendigsten
1225 3980 1344 4043 unroco,
1360 3994 1377 4030 t.

244 4071 313 4126 iiber
331 4070 453 4126 Truber:
470 4070 588 4138 Herzog,
606 4068 873 4138 realencylrloptdie
891 4069 933 4132 21,
952 4069 1004 4123 360
1019 4067 1047 4121 ff.
1068 4067 1176 4134 sillem,
1194 4069 1297 4122 Primus
1317 4065 1378 4118 Tru·

244 4159 306 4224 ber,
325 4157 466 4228 Erlaugen
484 4157 560 4211 1861.
597 4150 774 4220 Kastrenhiut,
798 4154 985 4210 mkundliohe
1004 4155 1132 4226 beitrage
1157 4174 1205 4210 aur
1228 4153 1378 4225 geschichte

244 4244 293 4300 der
311 4243 567 4314 protestantisohen
590 4242 735 4297 litterator
760 4243 810 4297 der
829 4242 982 4304 Siidslavcn
1010 4243 1040 4296 in
1065 4243 1120 4298 den
1140 4244 1239 4313 jahren
1257 4242 1322 4296 1559
1340 4237 1378 4292 bis

244 4333 321 4388 1565.
357 4330 441 4386 Wien
460 4330 537 4384 1874.
573 4329 599 4383 S.
617 4330 660 4384 br.
679 4348 705 4384 n.
725 4330 766 4384 30.
785 4332 826 4384 31.

315 4419 541 4474 lamam
