2830 5072
62 365 124 422 15⁶1·
582 367 644 434 rot

59 544 123 614 dum,
142 523 247 616 aliquid
270 541 413 601 alliciendi
440 543 469 600 in
493 544 558 614 eius
580 543 710 616 gratiam.
751 539 894 600 Musieum
921 549 1018 602 autem
1035 539 1188 602 'iacturum

58 650 87 707 de
105 666 132 708 se
151 653 323 724 periculum,
352 652 436 724 quala
458 665 529 723 opus
549 647 666 718 luisset,
697 651 725 706 ln
746 649 821 708 hunc
842 646 957 706 modurn
978 645 1052 719 dixi3
1081 645 1186 706 Vestra

56 761 139 812 autem
159 754 354 814 illustrissima
375 753 523 814 (lelsitudo
545 755 646 813 annuit
667 759 696 811 et
717 753 798 825 dixit,
820 759 853 812 ut
872 752 997 810 musicus
1017 751 1139 810 reniret.

123 857 225 932 Scripsi
247 859 284 917 ad
305 858 428 918 eundem
448 873 621 932 generosum
642 859 775 916 comitem
796 857 952 930 gratiosum
973 871 1138 931 responsum
1153 872 1187 916 ac

56 964 129 1036 paulo
148 969 211 1035 post
230 963 307 1021 idem
329 964 452 1020 musicus
473 961 510 1019 ad
531 961 653 1020 eundem
677 977 849 1035 generosum
867 961 945 1026 misit
965 967 1077 1020 cantum
1096 976 1185 1034 quen·

58 1067 163 1125 damah
185 1069 287 1126 eodem
308 1053 416 1127 musico
438 1068 642 1140 compositum,
664 1067 711 1140 qui
733 1083 890 1140 generosus
911 1067 947 1124 ad
969 1083 1013 1124 rne
1034 1066 1126 1137 misit,
1154 1069 1186 1123 ut

60 1172 154 1230 Vestra
175 1171 346 1231 celsitudini
368 1171 521 1237 mitterem,
543 1177 574 1228 ut
595 1172 658 1230 misi
679 1172 773 1231 etiam.

124 1275 179 1334 Sub
203 1276 309 1348 pascha
340 1277 405 1336 veni
432 1276 536 1334 ilerum
565 1277 600 1335 ad
631 1276 743 1348 aulam,
776 1277 881 1334 Vestra
911 1282 1007 1334 autern
1038 1275 1187 1336 celsitudo

55 1397 149 1439 memor
168 1382 259 1440 totius
279 1382 322 1440 rei
343 1385 450 1453 geste,
478 1381 554 1440 misit
581 1381 617 1440 ad
639 1397 683 1440 me
705 1383 732 1438 in
755 1381 908 1454 hospitium
929 1396 982 1455 per
1002 1379 1185 1439 wilhelmum

54 1485 138 1543 decem
158 1486 276 1558 taleros,
298 1501 369 1560 quos
390 1485 483 1544 eidem
506 1486 613 1545 musico
635 1486 778 1544 mitterem
797 1484 882 1562 (quos
894 1485 958 1544 misi
972 1485 1059 1544 etiam
1073 1491 1104 1544 et
1118 1485 1186 1556 seio,

56 1607 109 1648 eum
128 1589 286 1664 habuisse).
328 1591 398 1650 (lum
420 1607 490 1650 vero
511 1591 597 1664 paulo
624 1599 689 1665 post
709 1590 916 1650 delsitudinem
937 1591 1071 1650 Vestram
1092 1605 1186 1650 auces-

54 1695 147 1767 sissem,
170 1695 231 1753 dixi
252 1701 429 1765 reverenter,
451 1711 622 1768 gerrercsum
644 1697 776 1755 comitem
792 1701 822 1754 et
837 1713 882 1754 me
898 1694 1083 1754 admusicum
1097 1694 1186 1768 scrip·
1249 1749 1254 1757 .

54 1800 119 1871 sisse,
140 1806 171 1856 ut
191 1800 315 1871 reniret,
337 1816 426 1872 quare
449 1817 493 1857 me
515 1801 689 1871 existimare,
711 1799 791 1858 illum
814 1815 876 1858 esse
898 1801 926 1856 in
948 1799 1008 1868 ria,
1030 1799 1110 1858 brevi
1130 1799 1185 1858 ita·

43 1907 99 1976 'que
117 1904 288 1975 affuturum,
317 1903 423 1964 fretum
444 1905 555 1965 scilicet
575 1905 682 1964 domini
703 1907 837 1977 generosi
860 1906 965 1964 litteris
991 1912 1080 1978 atque
1106 1905 1187 1976 meis,

53 2009 158 2081 quodsi
180 2009 354 2068 celsitudini
375 2010 487 2068 Vestrae
508 2010 659 2082 placuerit,
681 2011 789 2084 poterit
808 2011 946 2082 retinere,
967 2010 1071 2084 quibus
1092 2008 1187 2068 verbis

52 2113 141 2174 Vestra
161 2115 310 2174 (lelsitudo
332 2115 401 2172 nihil
424 2115 581 2190 respondit,
604 2122 636 2174 ut
657 2117 717 2175 risa
737 2114 826 2174 fucrit
846 2131 982 2174 annuere.

117 2220 179 2278 Janr
202 2221 283 2280 venit
303 2220 353 2278 illc
374 2221 563 2293 Argentinam
586 2220 621 2278 ad
643 2236 814 2293 generosum
835 2222 983 2288 comitem,
1011 2219 1116 2278 deinde
1137 2235 1185 2276 vo-

52 2324 95 2382 luit
112 2341 155 2383 me
175 2327 205 2384 in
228 2326 347 2385 thermis
361 2325 540 2385 Bulensibus
560 2325 693 2397 inrisere,
716 2327 794 2384 etin
817 2342 933 2395 summa,
955 2342 1019 2384 cum
1040 2341 1094 2397 ego
1115 2339 1186 2382 non·

51 2427 106 2486 dum
125 2427 249 2489 finierim
270 2433 368 2490 lavaro
382 2433 410 2488 iu
428 2429 472 2488 his
489 2430 614 2501 thermis,
637 2436 667 2489 et
688 2432 774 2490 otiam
788 2437 890 2505 postea
902 2431 1056 2489 lavandum
1069 2430 1106 2487 sit
1119 2429 1186 2486 mihi

51 2532 74 2589 iu
90 2533 200 2592 Ferinis
223 2551 276 2606 por
304 2537 337 2591 15
359 2535 475 2593 circiter
496 2536 576 2601 dies,
608 2550 664 2592 non
685 2538 784 2608 putari
813 2533 1023 2602 differendum,
1054 2536 1121 2607 quin
1149 2534 1186 2592 de

51 2641 101 2696 loto
112 2641 259 2712 negotiola
272 2641 424 2698 certiorem
436 2639 588 2700 redderem
598 2639 823 2699 illustrissimam
834 2639 1042 2698 Oelsitudinem
1056 2639 1186 2698 Vestram

51 2757 127 2816 usque
148 2743 186 2802 ad
207 2743 280 2802 illud
301 2749 424 2818 tempus,
446 2761 502 2818 quo
524 2745 721 2818 Stutgardiam
743 2745 870 2817 veniam,
898 2745 950 2804 sed
971 2746 1078 2804 litteris
1099 2744 1185 2816 sigui·

49 2843 177 2906 licendum
198 2851 309 2922 putari,
330 2850 444 2918 venisse
465 2851 612 2921 musicum,
643 2851 812 2925 Argentinoe
834 2867 896 2910 esse
917 2851 993 2923 apud
1014 2865 1187 2922 generosum

51 2949 192 3021 dominum,
214 2953 261 3010 ubi
283 2969 451 3026 responsum
473 2969 490 3011 a
512 2971 557 3012 mo
578 2955 766 3027 exspectabit,
794 2955 908 3028 quando
928 2953 969 3012 illi
992 2953 1187 3026 Stutgardiam

50 3058 210 3116 veniendum
231 3059 277 3116 sit..
310 3056 443 3116 Affirmat
463 3059 595 3118 dominus
615 3076 718 3131 comes,
740 3076 771 3118 se
792 3059 875 3132 scire,
897 3060 972 3118 bunc
993 3075 1055 3117 esse
1075 3059 1105 3116 in
1125 3074 1187 3115 mu·

50 3160 98 3218 sica
116 3163 329 3233 peritissimum,
352 3163 458 3221 deinde
480 3163 629 3239 (quantum
651 3158 709 3222 ¹ridi
732 3163 801 3242 ego)
823 3170 868 3223 est
889 3163 933 3220 vir
954 3164 1135 3233 christianus,
1157 3168 1187 3221 et

49 3279 96 3322 non
113 3267 261 3338 indoctus,
292 3269 409 3325 natione
430 3267 598 3337 Lusitanus3
632 3269 718 3327 habet
749 3285 846 3327 secum
867 3283 986 3327 uxorem
1006 3270 1067 3326 sine
1088 3267 1187 3326 liberis

50 3371 140 3428 tamen.
183 3371 289 3430 Vestra
310 3370 460 3430 Gelaitudo
481 3379 600 3444 statuat,
622 3373 698 3446 quod
719 3373 847 3445 videtur3
870 3373 1044 3446 exspectabo
1066 3389 1120 3444 ego
1141 3389 1186 3430 rc-

50 3490 172 3544 sponsum
193 3475 231 3552 (si
247 3475 386 3552 placebit)
407 3476 576 3549 inFerinis,
597 3477 634 3536 ad
656 3495 726 3551 quas
747 3478 825 3535 intra
845 3483 970 3551 quatuor
989 3483 1041 3536 aut
1061 3479 1187 3550 quinqua

50 3577 102 3638 dies
121 3599 204 3654 spero
226 3598 271 3639 me
293 3597 491 3667 accessurum,
523 3599 616 3656 neque
638 3583 714 3642 enim
736 3599 849 3655 possum
876 3589 980 3654 anteo,
1011 3582 1186 3642 medicorum

51 3686 167 3744 consilio.
208 3687 341 3744 Thermae
362 3685 534 3760 profuerunt
555 3687 623 3745 mibi
652 3689 717 3762 (per
746 3688 801 3745 Dei
827 3687 961 3763 gratiam)
993 3687 1186 3758 mediocriter,

49 3803 124 3858 spero
143 3791 265 3850 Ferirras
285 3792 376 3865 magis
397 3791 573 3864 profuturas.

119 3897 218 3968 dudio,
241 3902 391 3970 nepotem,
426 3898 475 3970 qui
503 3899 531 3954 in
553 3897 677 3956 Galliam
702 3897 850 3972 profectus
871 3905 953 3968 crat,
975 3913 1037 3956 esse
1058 3898 1087 3954 in
1109 3898 1155 3954 via
1169 3896 1185 3964 ¹,

49 3998 127 4068 justae
145 4001 262 4060 luerunt
284 4019 392 4072 causae,
415 4004 577 4076 quasillum
599 4003 708 4062 tamdiu
730 4003 932 4074 detinuerunt,
959 4003 1009 4061 scd
1031 4002 1098 4072 scio,
1119 4017 1187 4060 ren·

50 4105 137 4162 turum
155 4106 270 4167 tandem
293 4124 356 4166 cum
387 4108 474 4167 rebus
502 4109 599 4180 noris,
632 4109 669 4167 de
695 4108 798 4182 quibus
827 4086 866 4166 en
887 4107 1002 4166 Ferinis
1032 4107 1187 4178 diligenter

50 4207 169 4270 scribam.
200 4213 376 4272 Commendo
397 4232 442 4274 rne
463 4211 667 4273 illustrissimae
688 4213 860 4272 Celsitudini
878 4211 988 4272 Vestrae
1010 4200 1187 4270 reverenter.
1252 4191 1254 4196 ⁸

608 4336 622 4368 tlt

117 4425 209 4482 istiu
228 4429 301 4485 aede
321 4429 441 4501 Ludwig
459 4429 560 4486 kehrta
579 4432 595 4484 d
614 4429 673 4485 Juli
691 4429 801 4496 tuttlck,
821 4447 842 4484 s.
861 4447 887 4484 u.
909 4429 966 4486 116.
