2862 5080
621 369 682 430 tut

621 649 688 705 213.

381 785 506 873 Verger
528 809 570 852 an
593 787 712 872 herzog
737 783 922 870 Christoph.

430 923 580 998 Tubingeu
598 926 638 984 20
660 923 773 996 August
796 925 879 980 1564.

151 1051 236 1123 Fragt
253 1071 298 1116 an,
318 1070 360 1107 wo
380 1051 507 1108 Radaivil
527 1052 648 1106 wobnen
667 1052 744 1106 solla.

158 1176 355 1236 illustrissime
376 1175 515 1249 Princeps
536 1181 566 1234 ct
586 1174 709 1233 Domine
731 1176 852 1236 Domine
874 1175 1116 1235 clementissime!

156 1280 249 1353 (logor
276 1279 501 1340 illustrissimum
528 1279 736 1340 Celsitudiuem
759 1279 891 1340 Vestram
920 1281 1026 1338 iterum
1053 1279 1224 1348 obtundere,

86 1401 142 1442 uam
162 1392 245 1458 urget
266 1403 310 1444 mo
331 1385 448 1444 nuntius
463 1401 528 1444 uum
540 1385 647 1444 litteris
659 1383 763 1443 missus
777 1385 813 1444 ab
827 1385 1022 1444 illustrissimo
1035 1381 1195 1442 Radzivillo
1206 1379 1224 1437 ¹.

86 1486 146 1545 Fuit
166 1489 283 1546 nuntius
304 1488 480 1560 Stutgardiae
504 1488 842 1562 ipsam-Illustrissiurann
863 1487 1071 1548 celsitudinem
1091 1487 1224 1546 Vestram

85 1607 214 1664 quarens.
252 1591 323 1652 (lum
344 1609 412 1652 varo
434 1611 490 1652 non
510 1595 665 1665 inuenerit,
687 1609 784 1650 verum
805 1593 993 1660 intellexerit,
1015 1607 1078 1650 eam
1098 1590 1224 1650 Uracutu

85 1695 235 1766 proiectum
258 1715 330 1771 esse,
353 1697 477 1758 Urucam
496 1699 585 1772 igitur
606 1698 756 1758 constituit
771 1699 879 1769 venire,
901 1697 1081 1771 disceditque
1098 1696 1150 1756 bac
1162 1697 1225 1769 ipsa

83 1798 154 1872 bora,
175 1819 240 1876 quae
261 1808 306 1861 cst
326 1801 418 1876 prima
438 1819 456 1860 a
476 1803 606 1862 meridie.
636 1803 715 1860 Petit
735 1804 763 1858 in
785 1818 903 1870 summa,
925 1807 958 1860 ut
977 1801 1063 1862 liceat
1082 1801 1138 1876 ipsi
1158 1801 1222 1859 illu-

83 1904 212 1966 strissimo
234 1907 395 1966 Rudzivillo
416 1907 493 1966 sedes
514 1907 675 1966 conducere
696 1923 748 1980 per
769 1906 877 1980 aliquot
898 1903 1171 1982 meuses'l'ubi'ugae,
1192 1914 1225 1965 ut

85 2018 269 2072 commoratur
289 2017 420 2072 metuens
440 2018 560 2084 pestem,
582 2029 646 2086 quae
668 2012 836 2084 Argentinae
858 2015 1015 2082 grassatur,
1037 2011 1159 2070 discedit
1179 2017 1222 2069 ta-

82 2129 138 2171 men
157 2117 333 2174 indesalvis
354 2117 439 2175 rebus
470 2123 589 2175 etcum
617 2115 724 2175 nullam
752 2118 913 2190 susceperit
941 2115 1142 2188 contagionem
1170 2132 1224 2189 par

81 2215 130 2276 Dei
148 2211 279 2292 gratiam,
301 2221 385 2298 (vixit
407 2221 482 2280 enirn
502 2222 532 2278 in
545 2222 720 2280 monasterio
735 2219 990 2280 Carthasiauorum
1012 2221 1135 2278 maurus
1156 2219 1220 2278 dili-

80 2325 169 2392 gentia
188 2322 363 2401 custoditus)
383 2324 454 2382 nibil
476 2341 546 2398 ergo
566 2323 753 2383 metuendum
776 2341 793 2382 a
814 2341 844 2382 se
866 2331 896 2383 ct
916 2324 991 2396 suis;
1021 2330 1136 2382 tautum
1155 2340 1222 2396 sup·

80 2425 175 2498 plicat,
203 2433 236 2485 ut
256 2427 362 2486 Vestra
382 2409 580 2488 illustrissima
601 2428 751 2488 celsitudo
780 2430 920 2488 concedat
947 2429 991 2486 illi
1012 2431 1125 2488 veniam
1145 2445 1221 2487 oom-

79 2531 209 2590 morandi.
253 2533 315 2605 Qua
334 2533 365 2590 in
385 2550 417 2592 re
439 2551 548 2592 summa
569 2533 719 2607 diligentia
739 2539 854 2605 utetur,
883 2549 919 2592 ue
949 2549 1005 2607 qua
1029 2533 1065 2590 ab
1093 2533 1142 2592 illo
1169 2531 1221 2592 fiat

78 2633 183 2705 iujuria.
226 2637 311 2708 Quod
332 2637 355 2695 si
376 2636 564 2708 concesserit,
586 2642 619 2694 ut
640 2651 803 2709 speramus,
831 2636 999 2710 dignabitur
1019 2637 1133 2694 iuterim
1156 2652 1220 2694 ver·

78 2736 136 2796 bum
155 2738 252 2798 lacere
274 2756 414 2812 generoso
435 2739 549 2800 domiuo
570 2739 722 2812 nguadio
735 2738 755 2811 ⁸,
781 2746 813 2800 ut
835 2741 904 2799 velit
924 2740 1083 2800 concedere
1105 2741 1221 2800 aedesa

78 2858 105 2899 se
123 2829 288 2915 conductas,
309 2845 337 2902 in
360 2845 462 2919 quibus
483 2851 630 2918 postremo
646 2844 804 2917 habitabat,
827 2861 891 2919 qua
906 2847 1089 2918 possidentur
1105 2863 1122 2904 a
1136 2847 1222 2906 vidua

77 2949 217 3020 cujusdam
236 2950 451 3022 jurisconsulti3
483 2949 575 3006 solvet
605 2950 680 3008 enim
709 2951 834 3022 egregie,
861 2949 1099 3023 quidquidsopus
1125 2950 1221 3023 luerit,

78 3050 270 3128 habitabitque
291 3058 397 3127 purtim
417 3056 446 3112 iu
467 3053 526 3112 illis
546 3054 652 3126 partin
672 3054 703 3112 iu
724 3055 796 3112 aneis
816 3061 904 3128 atque
926 3053 1096 3128 ubicumque
1114 3055 1223 3129 poterit

77 3156 109 3213 ad
136 3158 252 3232 aliquod
281 3165 407 3231 ternpus,
439 3166 489 3218 aut
517 3159 541 3217 si
563 3160 639 3218 aedes
667 3161 736 3233 ipsse
758 3159 929 3218 Oelsitudini
952 3159 1063 3218 Vestrae
1083 3176 1138 3218 non
1160 3161 1221 3232 pla·

76 3263 189 3334 cuerint,
212 3264 335 3336 accipiet
349 3263 559 3322 illustrissimus
570 3263 754 3331 Radzivillus,
772 3280 949 3337 quaecunque
966 3261 1075 3322 fuerint
1089 3281 1106 3322 a
1118 3264 1222 3323 Vestra

77 3362 247 3430 Celsitudiue
269 3367 382 3426 oblatae.
425 3367 584 3441 Exspectat
605 3369 728 3427 maxima
748 3369 893 3426 anxietate
915 3371 1032 3427 nuntius
1053 3369 1124 3446 (Jarn
1145 3368 1221 3427 euim

75 3476 134 3528 sunt
154 3477 220 3530 octo
242 3472 319 3543 dies,
351 3473 454 3546 quibus
476 3473 701 3532 illustrissimum
726 3475 753 3531 d.
782 3488 864 3531 suum
886 3472 1047 3544 Oartlnusii,
1073 3473 1149 3546 quod
1177 3479 1222 3531 est

39 3567 44 3572 ’
75 3571 246 3648 argentina,
268 3577 405 3651 reliquit).
441 3578 503 3648 Nec
523 3579 617 3650 plura,
638 3579 806 3637 commendo
826 3595 872 3636 me
893 3583 1063 3636 reverenter
1083 3578 1220 3636 illustris-

74 3679 146 3738 simae
159 3681 331 3741 Gelaitudiui
343 3683 466 3753 Vestrae,
488 3699 505 3742 a
525 3701 582 3757 qun
603 3700 770 3756 responsum
793 3690 930 3754 exspecto
951 3699 1009 3742 uua
1026 3700 1089 3740 cum
1104 3683 1220 3754 litteriS,

74 3783 94 3840 si
112 3783 152 3842 ita
174 3787 272 3860 placet
291 3787 496 3846 Illustn‘ssimae
519 3787 691 3848 Celsitudini
714 3788 837 3858 Vestra,
866 3789 1001 3860 generosi
1032 3787 1139 3846 domini
1160 3788 1220 3846 Un-

73 3889 171 3960 guadii,
192 3891 243 3962 qui
264 3890 381 3950 mandet
401 3891 503 3962 nduae,
525 3897 558 3947 ut
578 3891 656 3948 sedes
678 3891 840 3964 consignet,
872 3891 978 3951 locauit
998 3893 1072 3949 eninr
1095 3907 1143 3950 eas
1165 3909 1218 3966 per

71 3993 236 4069 triennium,
266 4003 299 4055 ut
317 3995 393 4055 fama
414 4002 473 4068 est,
499 3999 556 4054 ino
576 3997 640 4070 ipsa
660 3995 747 4056 vidua
767 3995 905 4065 affirmat;
933 4002 985 4056 aut
1006 3999 1030 4054 si
1051 3996 1116 4056 aliae
1138 3996 1216 4055 aedes

71 4099 155 4172 magis
172 4101 379 4162 Illustrissimae
399 4101 571 4162 Oelsitudini
592 4102 704 4160 Vestra
729 4102 902 4174 placuerint,
932 4100 968 4164 de
994 4100 1052 4160 illis
1080 4100 1231 4172 dignetur·

635 4230 650 4269 s

137 4331 150 4386 1
170 4329 197 4386 S.
216 4350 254 4387 nc
266 4333 324 4388 187.

137 4417 199 4474 28.
221 4437 250 4474 n.
269 4421 311 4476 311.
