2830 5078
1301 379 1349 433 tots

224 557 331 630 dinque
351 574 403 629 pro
425 575 476 615 sua
497 557 641 630 gravitate
662 559 692 612 et
711 553 867 626 prudentia
887 569 983 610 secum
1005 552 1215 622 deliberasset,
1240 553 1306 611 mihi
1321 569 1353 609 re-

225 662 349 734 spondit,
371 662 443 719 nihil
465 679 528 720 esse
549 667 608 718 tarn
630 656 745 716 difficile
767 663 853 730 atque
874 657 1011 729 arduum,
1044 658 1120 730 quod
1141 657 1237 717 facere
1259 675 1351 716 recusa·

223 774 290 825 tura
311 767 357 836 sit,
379 767 428 825 ubi
449 768 545 839 agitur
566 765 602 822 de
623 762 818 834 promovenda
837 761 969 820 doctrina
990 765 1132 836 evangelii
1147 771 1235 836 atque
1253 763 1354 820 eeclesia

225 877 255 930 et
281 873 374 944 gloria
400 871 451 930 filii
474 872 544 942 Dei,
575 886 674 928 nerum
703 886 732 926 se
761 867 913 940 dubitare,
945 885 981 924 an
1003 867 1110 926 debeat
1130 885 1206 924 nurrc
1227 867 1310 924 talem
1326 866 1355 922 le-

222 976 367 1048 gationem
387 977 416 1034 in
438 977 587 1034 Poloniam
608 975 738 1040 mittere,
768 990 854 1045 quum
875 972 1000 1030 nondum
1022 973 1110 1043 sciat,
1133 989 1266 1045 quaenam
1288 973 1320 1028 sit
1335 972 1355 1026 in

224 1096 260 1139 ea
287 1098 320 1138 re
348 1096 428 1140 mens
457 1087 543 1153 atque
573 1079 698 1136 intentio
724 1078 900 1150 reliquorum
926 1077 1186 1134 illustrissimorum
1214 1075 1355 1148 principum

215 1165 406 1256 Germaniae,
437 1183 487 1258 qui
520 1183 669 1257 evangelio
697 1198 801 1240 nomen
830 1181 983 1240 dederunt.
1031 1180 1089 1240 Ubi
1120 1187 1218 1238 autem
1250 1181 1356 1247 sciverit,

223 1289 432 1346 illustrissimus
453 1305 552 1346 eorum
573 1286 783 1346 dominationes
798 1285 970 1358 probaturas
987 1291 1016 1342 et
1030 1300 1234 1355 consenseras,
1256 1289 1287 1340 ut
1306 1271 1356 1340 talis
1411 1291 1412 1298 ¹

222 1391 331 1463 legatio
352 1391 518 1460 adornetur,
541 1408 571 1448 se
593 1391 708 1448 minime
730 1387 899 1446 defuturum
920 1405 972 1446 suo
994 1385 1112 1452 officio„
1169 1389 1171 1395 '

302 1497 398 1568 Atque
418 1501 450 1554 ut
471 1511 532 1552 rem
554 1494 660 1553 clarius
689 1509 850 1566 exponam,
881 1495 963 1565 regia
992 1493 1133 1550 celsitudo
1162 1507 1215 1548 sua
1243 1491 1302 1548 visa
1325 1495 1357 1546 cst

222 1601 299 1660 mibi.
312 1600 342 1658 id
362 1601 476 1670 mirari,
498 1615 601 1672 nempe
622 1615 708 1671 quum
729 1597 914 1656 illustrissimi
936 1597 1079 1668 principes
1100 1597 1310 1668 amplectentur
1326 1599 1356 1650 at·
1408 1637 1412 1672 r

224 1721 279 1776 que
300 1709 438 1764 tueantur
458 1702 668 1764 confessionem
689 1703 902 1775 Augustauam,
929 1718 980 1760 cur
1001 1701 1149 1758 Celsitudo
1171 1701 1278 1758 Vestra
1297 1713 1356 1771 que·
1411 1747 1412 1750 ,

222 1815 303 1866 reret
323 1809 404 1867 nobis
425 1807 585 1881 'adJungere
606 1824 728 1880 regnum
749 1807 892 1876 Poloniae,
921 1806 997 1878 quod
1027 1811 1094 1864 ante
1120 1821 1172 1862 sex
1193 1810 1245 1862 aut
1265 1809 1358 1875 septem
1411 1849 1412 1854 ,

222 1929 313 1972 annos
334 1915 461 1984 suscepit
477 1929 531 1971 non
544 1913 740 1984 Augustanam
757 1908 973 1980 consessionem,
996 1909 1047 1968 sed
1058 1908 1256 1965 Valdensium,
1278 1906 1358 1978 Suspi-

224 2023 306 2076 catur
331 2019 406 2074 enim
431 2034 482 2074 sua
503 2016 657 2086 aaronitae,
680 2017 821 2074 diversam
843 2025 907 2072 esse
926 2015 1087 2072 doctrinam
1107 2011 1295 2072 confessionis
1312 2012 1358 2067 Au-

222 2127 352 2194 gustante
374 2139 391 2180 a
412 2121 543 2180 doctrina
564 2119 749 2180 confessionis
770 2120 964 2178 Valdensium.

303 2227 399 2298 Quare
420 2230 558 2296 quantum
579 2224 661 2294 potui
682 2230 801 2282 conatus
822 2241 884 2280 sum
905 2221 1090 2294 persuadere,
1113 2237 1170 2277 non
1193 2237 1257 2278 esse
1278 2220 1358 2276 diver

222 2347 281 2386 sam
303 2330 476 2400 doctrinam,
504 2329 554 2386 sed
577 2328 697 2385 eandem
719 2333 806 2400 atque
827 2328 893 2391 idco
914 2326 1066 2396 probatam
1086 2323 1175 2382 luisse
1197 2342 1214 2382 a
1236 2324 1357 2391 Lot-bero,
1411 2362 1412 2366 ,

222 2434 440 2492 aMelanthone
456 2441 542 2506 atque
561 2433 596 2490 ab
618 2433 680 2490 aliis
700 2431 811 2504 magnis
833 2437 863 2488 et
883 2431 964 2488 bonis
986 2431 1062 2500 sirie,
1086 2445 1149 2486 earn
1169 2429 1284 2502 inquam
1303 2429 1357 2484 doc·
1408 2497 1409 2505 ἵ

223 2540 328 2595 trinam
350 2555 412 2610 non,
428 2554 491 2596 esse
514 2537 665 2608 diversam,
687 2537 737 2594 sed
759 2535 848 2594 fuisse
869 2553 886 2594 a
906 2534 1041 2608 piissimis
1062 2539 1092 2590 et
1113 2533 1284 2591 doctissimis
1302 2548 1358 2604 pro·
1406 2562 1412 2588 ιι

227 2643 332 2714 batam,
355 2659 418 2715 quae
434 2643 598 2698 continetur
608 2643 635 2698 in
655 2658 689 2698 ea
711 2639 897 2711 confessione,
919 2656 982 2713 quae
1005 2637 1060 2696 fuit
1076 2639 1174 2696 oblata
1191 2637 1358 2696 serenissimo
1411 2709 1412 2712 Ἴ

221 2748 349 2806 Romano
371 2748 433 2820 regi
454 2763 528 2804 anno
554 2747 636 2804 1535.
669 2745 752 2817 Quod
772 2747 796 2803 si
811 2747 867 2803 alia
883 2743 957 2804 forte
970 2743 1134 2816 reperiatur
1154 2743 1294 2801 confessio
1313 2739 1356 2797 sub
1411 2765 1412 2788 ι

223 2853 337 2908 nomine
355 2850 540 2908 Valdensium
563 2855 612 2907 aut
625 2850 836 2920 Piccardorum,
859 2865 904 2906 me
926 2849 962 2906 de
983 2849 1034 2906 illa
1055 2865 1110 2905 non
1130 2847 1293 2919 intelligere
1310 2859 1356 2906 nec

220 2961 324 3028 putare
345 2972 407 3012 esse
428 2955 546 3012 Polonis
568 2955 830 3013 commendandam.
872 2955 947 3026 Quin
969 2960 998 3012 et
1017 2953 1090 3010 illud
1111 2951 1219 3010 addidi.
1253 2953 1282 3011 Si
1300 2968 1356 3021 rog·
1411 2969 1412 3008 o

211 3075 292 3115 num
312 3057 441 3114 Poloniae
463 3057 570 3114 nullam
592 3057 729 3116 hactenus
751 3055 958 3115 confessionem
988 3057 1177 3128 suscepisset,
1205 3057 1255 3116 sed
1275 3056 1356 3114 adhue

222 3163 347 3219 liareret
366 3161 395 3216 in
416 3161 577 3236 principiis,
600 3163 707 3219 nullam
727 3163 812 3219 aliam
833 3161 966 3218 debuisse
987 3161 1030 3224 illi
1051 3180 1067 3218 a
1088 3162 1265 3236 principibus
1285 3177 1357 3218 oran·
1411 3137 1412 3214 r

221 3267 319 3340 galicia
341 3267 534 3324 commendari
555 3274 661 3337 praeter
677 3271 883 3340 Augustanam.
915 3266 971 3324 Sed
993 3283 1080 3338 quum
1101 3273 1168 3324 ante
1191 3273 1302 3340 septem.
1315 3281 1356 3322 an·

221 3387 272 3428 nos
291 3371 349 3442 jam
370 3370 528 3440 susceperit
549 3369 734 3428 Valdensiurn
756 3368 963 3428 confessionem
984 3374 1072 3439 atque
1097 3368 1126 3424 in
1153 3385 1189 3425 ea
1210 3364 1357 3425 assueverit

220 3480 250 3532 ct
269 3471 434 3547 profecerit,
455 3473 521 3530 ideo
541 3474 625 3532 istam
646 3474 766 3532 tolerari
787 3480 817 3532 et
837 3473 948 3530 laudari
971 3473 1087 3544 debere,
1110 3489 1166 3530 iton
1189 3473 1281 3542 modu,
1301 3470 1358 3542 quia

219 3596 322 3636 revera
343 3576 497 3636 conformis
518 3585 562 3636 est
581 3579 766 3651 Argustana,
789 3579 839 3638 sed
860 3578 1028 3649 praesertim,
1051 3576 1117 3648 quia
1137 3577 1265 3634 Helvetii
1284 3575 1356 3632 mira-

221 3683 325 3740 bilibus
351 3682 483 3752 practicis
512 3681 660 3740 stimulant
691 3688 777 3753 atque
808 3687 913 3752 urgent
943 3681 970 3738 d.
1001 3679 1144 3746 PolonOS,
1177 3683 1210 3735 ut
1235 3675 1356 3750 abjiciant

220 3783 419 3854 Valdensium,
451 3799 536 3854 quam
564 3783 691 3840 sentiunt
719 3781 774 3842 sibi
800 3799 863 3840 esse
891 3783 1082 3854 contrariam,
1114 3788 1202 3854 atque
1229 3781 1355 3856 accipiant

219 3888 433 3960 Zminglianam.
500 3911 504 3916 ·

298 3990 413 4048 Debere
433 3991 521 4062 igitur
541 4008 592 4048 nos
613 3991 640 4048 d.
662 3992 787 4049 Polonos
807 4007 944 4062 monere,
976 3991 1056 4050 utin
1079 4009 1132 4064 ea,
1164 4008 1249 4064 quam
1273 4003 1354 4047 susce·

218 4101 333 4169 perant,
355 4101 520 4154 constanter
540 4103 684 4165 maneant,
706 4113 770 4154 nam
792 4097 816 4154 si
832 4097 899 4170 quid
913 4095 1058 4154 videbitur
1070 4097 1101 4152 in
1117 4113 1152 4154 ea
1168 4093 1353 4168 corrigendum

219 4207 270 4258 aut
290 4200 465 4273 mutandum,
488 4199 572 4258 facile
592 4201 622 4258 id
643 4201 707 4258 fieri
727 4201 851 4274 poterit,
872 4207 1023 4274 postquam
1044 4218 1093 4260 eos
1115 4203 1152 4260 ad
1174 4219 1225 4260 nos
1245 4194 1352 4258 traxeri-

220 4323 281 4364 mus
303 4312 332 4364 et
352 4321 369 4362 a
390 4306 574 4378 Zminglianis
595 4307 829 4380 disjunxerimus.

297 4410 381 4475 Nune
400 4410 431 4468 id
450 4411 588 4483 imprimis
609 4426 672 4469 esse
693 4411 870 4485 curandum,
903 4417 936 4470 ut
962 4411 998 4470 ab
1026 4410 1069 4469 his
1091 4427 1140 4470 eos
1163 4409 1351 4484 disjungamus-
