2830 5078
1311 360 1358 414 llll

312 537 507 596 Illustrissime
529 535 667 609 Princeps
688 541 717 594 et
738 536 861 594 Domine
882 535 1004 594 Domine
1027 533 1276 593 Clementissir‘nel
1403 501 1405 600 l

312 639 415 700 Habeo
435 641 512 698 inter
532 637 604 696 alios
631 645 753 712 nepotes
780 655 816 698 ex
844 653 908 697 mea
934 636 1044 697 familia
1071 655 1175 710 uuum,
1206 639 1254 698 cni
1280 654 1360 696 nomen

235 745 390 814 Aurelio¹3
411 745 437 802 is
457 749 502 802 est
520 743 594 814 juris
615 744 707 802 civilis
718 743 865 840 studiosus
878 743 989 816 fuitque
1005 758 1106 801 eorum
1121 743 1284 801 studiorum
1297 758 1360 800 canu

235 850 343 909 Padum
363 847 554 922 aliquamdiu,
576 847 627 906 sed
648 864 712 906 cum
731 855 851 919 propter
872 846 991 906 verbum
1012 847 1082 916 Dei,
1103 847 1149 904 cni
1171 853 1217 904 est
1238 846 1358 915 addictus,
1404 843 1405 900 l

1403 901 1405 974 l

234 953 372 1013 fueritin
394 968 540 1012 carcerem
560 953 710 1025 conlectus
730 952 878 1026 multaque
900 951 960 1010 illic
979 967 1095 1022 passus,
1123 951 1184 1009 lata
1204 957 1251 1009 est
1270 951 1360 1008 demun
1404 979 1405 1032 ι

234 1059 379 1116 sententia
393 1061 495 1116 contra
508 1071 582 1128 enm,
605 1071 640 1113 ne
656 1055 903 1128 inaliqnascbola
924 1061 974 1114 aut
994 1053 1150 1126 academia,
1172 1072 1237 1128 quae
1248 1055 1361 1114 Romane
1403 1103 1405 1158 Λ

235 1163 365 1222 ecclesiae
387 1161 545 1219 doctrinam
566 1178 623 1220 non
645 1161 900 1232 complecteretur,
930 1160 1034 1220 studiis
1062 1175 1180 1231 operam
1207 1160 1293 1218 daret
1312 1159 1362 1235 (ne
1403 1193 1405 1242 ι

233 1263 355 1324 tuebant
375 1263 450 1321 enirn
472 1261 666 1336 inquisitores,
690 1279 725 1320 ne
745 1269 827 1320 rect-a
846 1261 884 1320 ad
905 1279 949 1320 me
967 1262 1264 1339 veniretTubiugam)
1285 1264 1362 1322 addito
1403 1243 1405 1284 ³

234 1385 328 1442 poena,
350 1365 426 1440 quod
446 1367 470 1424 si
491 1365 528 1424 ad
550 1367 675 1425 scholam
692 1361 888 1424 Lntb'eranam
910 1363 955 1439 (ιι
974 1366 1138 1442 appellant)
1157 1368 1294 1435 venisset,
1314 1375 1362 1425 tunc

235 1473 356 1532 deberet
376 1475 524 1530 incurrere
550 1472 579 1529 in
608 1476 781 1543 perpetuum
809 1470 926 1528 exiliunt
948 1487 965 1527 a
986 1477 1048 1530 tota
1070 1471 1247 1530 Venetorum
1274 1473 1361 1530 ditione

235 1583 264 1635 et
285 1573 515 1634 confiscationem
537 1573 685 1632 bonorum.
727 1573 824 1644 Quare
845 1579 964 1645 cuperet
984 1573 1061 1632 idem
1082 1591 1163 1633 meus
1184 1592 1275 1650 nepos
1291 1579 1361 1634 Aure·

234 1681 299 1752 lius,
321 1679 456 1752 quamdiu
479 1686 577 1750 posset
598 1684 628 1736 et
648 1677 751 1750 patriae
772 1675 936 1736 libertatem
966 1684 996 1736 et
1022 1677 1097 1737 bona
1123 1679 1178 1738 sibi
1204 1697 1362 1747 conservare,

234 1790 352 1858 paratus
372 1791 468 1842 tamen
489 1784 584 1842 omnia
608 1781 753 1853 emittere,
774 1781 974 1856 potiusquam
995 1785 1024 1841 in
1043 1783 1102 1841 alia
1119 1783 1263 1856 religione
1277 1788 1361 1851 virere,
1404 1817 1405 1820 =

234 1905 320 1963 qnam
339 1889 368 1945 in
390 1887 568 1959 evangelica3
587 1888 657 1960 jam,
679 1888 703 1944 si
717 1887 802 1945 nollit
817 1888 845 1944 in
859 1887 945 1946 Italia
960 1905 1140 1959 permanere,
1162 1889 1265 1946 nullibi
1284 1898 1362 1962 posset
1403 1881 1405 1968 ]

235 1993 410 2053 commodius
430 1995 490 2051 suis
510 1991 614 2051 studiis
635 2008 753 2066 operam
774 1993 862 2063 dare,
894 2009 978 2066 quarn
999 1994 1119 2052 Vieunae
1141 1993 1284 2066 Austriae3
1316 2010 1362 2051 nan
1404 1969 1405 1992 ἶ

234 2115 328 2172 usqne
349 2097 467 2157 exilium
487 2112 581 2171 neque
602 2094 832 2155 cornfisoalionenu
846 2096 985 2156 bonorum
1006 2098 1178 2168 incurreret,
1199 2099 1226 2155 si
1245 2098 1303 2156 illie
1319 2103 1364 2155 stu-

234 2204 328 2263 deret.
359 2203 542 2277 Quapropter
562 2201 690 2275 supplico
712 2202 917 2261 lllustrissimae
934 2202 1106 2262 Celsitndini
1120 2204 1243 2274 Vestra,
1265 2210 1297 2262 nt
1316 2221 1363 2262 eun

232 2308 415 2367 serenissimo
435 2304 582 2366 Boherniae
603 2307 665 2379 regi
686 2307 822 2378 dignetur
842 2307 1055 2376 commendare3
1082 2309 1211 2380 quemvis
1237 2310 1310 2366 enim
1327 2324 1365 2365 ne·

232 2389 386 2484 posmens
406 2410 501 2469 adhuc
522 2412 643 2484 babeat,
671 2413 748 2470 unde
768 2413 823 2472 sibi
845 2419 939 2472 vestes
960 2419 990 2472 et
1016 2414 1105 2472 libros
1132 2421 1293 2486 comparet,
1321 2430 1363 2470 uon

234 2515 320 2574 babet
341 2519 455 2587 tamen,
488 2515 564 2574 uude
591 2533 622 2574 se
649 2524 732 2574 extra
761 2535 841 2575 sunm
863 2518 985 2591 patriam
1006 2525 1168 2590 sustentet,
1200 2537 1264 2578 cunr
1283 2520 1309 2576 in
1328 2533 1367 2574 aus

234 2620 403 2692 captivitate
423 2635 553 2691 magnam
575 2628 686 2693 partem
711 2624 755 2680 sui
770 2624 936 2695 patrimonii
950 2625 1169 2698 consumpserit.
1201 2625 1294 2696 Quare
1309 2638 1365 2694 opus
1403 2651 1404 2676 l

234 2723 374 2796 haberet,
405 2730 436 2782 ut
462 2725 574 2785 duobus
601 2733 651 2784 ant
678 2727 771 2785 tribus
796 2729 879 2787 aunis
899 2729 1043 2801 stipendio
1064 2727 1162 2801 aliquo
1183 2730 1212 2786 in
1234 2729 1365 2802 gymnasio

234 2829 390 2887 Viennensi
411 2829 541 2888 aleretur
561 2837 648 2905 atque
678 2837 900 2891 sustentaretur.
942 2833 1015 2890 Nam
1043 2833 1097 2891 boc
1125 2834 1220 2904 spatio
1245 2831 1366 2906 temporis

231 2938 351 3006 peracto
372 2939 477 3005 sperat,
499 2949 530 2992 sc
552 2949 635 3006 posse
657 2950 771 2991 sumere
793 2935 959 2994 doctoratus
979 2934 1120 3008 insignia,
1148 2941 1179 2993 et
1205 2952 1264 2994 suae
1288 2933 1364 3006 regia

232 3037 365 3109 dignitati
387 3039 564 3096 serviturum
586 3036 622 3112 (si
643 3055 715 3110 opus
736 3038 892 3115 habuerit).
934 3037 1064 3111 Collegia
1083 3039 1147 3104 illa,
1176 3057 1241 3113 qnae
1261 3040 1366 3097 vienne

232 3147 314 3211 aunt,
345 3157 403 3199 non
431 3141 556 3200 libenter
581 3143 720 3214 intraret,
753 3145 803 3216 qui
823 3145 899 3202 enim
919 3143 1024 3202 nobilis
1044 3150 1090 3201 est
1109 3145 1217 3230 etjam
1237 3145 1368 3216 proximus

233 3243 409 3317 doctoratui,
439 3246 523 3305 aliam
551 3249 637 3306 vitam
666 3249 809 3321 aliamque
837 3249 997 3306 studiorum
1019 3249 1160 3306 rationem
1183 3250 1263 3322 aequi
1282 3245 1368 3304 debet.

233 3347 291 3408 Oro
311 3355 451 3407 ueternum
472 3355 583 3420 patrem
605 3349 712 3408 domini
733 3350 824 3408 nostri
846 3350 917 3409 Jesn
938 3349 1061 3421 Christi,
1084 3357 1115 3407 ut
1136 3357 1197 3408 tnm
1218 3345 1367 3408 illustrissl-
1402 3419 1403 3424 η

231 3467 306 3510 uram
316 3451 523 3511 celsitudinem
534 3453 675 3526 Vestram,
692 3461 753 3514 tum
768 3455 979 3514 serenissimam
998 3455 1062 3528 ejus
1083 3454 1251 3525 dignitatem
1270 3450 1368 3524 regiam

232 3574 285 3617 suo
305 3557 407 3632 spiritu
429 3568 596 3630 permoveat
616 3561 651 3619 ad
673 3561 897 3620 succurrendum
919 3560 985 3618 huic
1000 3577 1063 3617 meo
1082 3561 1190 3632 nepoti,
1212 3557 1257 3631 qni
1273 3554 1368 3613 multas

231 3678 372 3720 aerurnnas
393 3669 513 3735 propter
534 3666 714 3737 evangelium
735 3682 835 3739 passus
860 3672 912 3723 est.
998 3731 1000 3734 ,
1402 3661 1403 3736 l

384 3806 589 3866 lllustrissimre
610 3806 796 3866 Oelsitudinia
819 3807 929 3866 Vestrae
951 3807 1226 3880 obsequentissimus

1136 3955 1290 4026 Vergerius.

799 4083 813 4118 ι(

302 4191 313 4242 l
335 4189 400 4260 vgl.
418 4207 445 4243 n,
468 4193 491 4244 5.
511 4191 553 4244 42.
574 4189 617 4246 92.
