2862 5080
54 342 112 397 itta
570 346 629 406 351

51 516 125 574 nostri
143 515 209 574 Jesn
229 514 345 586 Christi,
367 515 416 586 qni
430 491 489 586 ‘par
504 511 635 570 Vestram
651 509 858 570 Oelsitudinem
881 512 1106 574 illustrissimam
1129 533 1173 576 mc

49 618 199 678 refocillavit
219 626 299 678 certe
320 635 392 692 opus
412 619 575 676 habentem.

114 725 264 784 Consilium
285 724 471 790 medicorum,
494 723 542 796 qui
563 729 630 782 sunt
650 724 679 780 iu
700 721 823 794 Ithratia,
845 729 898 794 est,
919 731 951 780 nt
972 724 1065 784 adhuc
1085 725 1173 784 semel

46 829 146 886 inrisam
166 828 303 900 thermas,
326 830 449 886 consisto
471 829 568 900 itaque
589 827 676 884 biduo
697 833 748 885 aut
768 828 874 894 triduo,
896 834 1001 886 tumui
1015 829 1168 902 quiescam,

47 939 94 990 tum
120 940 149 990 ut
173 933 299 992 medicos
320 935 473 991 consulam.
515 932 627 990 Deinde
659 933 756 990 statim
785 931 979 1004 Stutgardiam
1011 933 1179 1007 adveniam,

46 1037 101 1094 inde
119 1038 274 1110 depingam
296 1054 369 1110 enm,
391 1039 415 1095 si
437 1037 516 1096 Deus
537 1037 669 1094 volucrit.

109 1141 189 1200 Evasi
210 1141 381 1200 mirabiliter
401 1140 469 1218 (per
490 1142 544 1198 liei
565 1139 700 1214 gratiam)
722 1139 826 1212 Papae,
860 1141 908 1212 qui
934 1141 1004 1198 mihi
1031 1143 1117 1202 etiam
1145 1146 1174 1202 irr

42 1245 123 1303 reditu
142 1254 260 1319 pararat
279 1246 412 1316 insidias,
445 1251 477 1304 ut
505 1262 601 1304 coram
628 1245 760 1304 narrabo
802 1245 887 1302 Mitto
907 1253 1004 1304 autem
1026 1247 1172 1306 eadere

42 1353 93 1406 tum
111 1354 256 1418 pastorum
278 1355 338 1407 tum
365 1349 512 1406 consulum
535 1347 714 1406 Ouriensium
743 1346 910 1420 consilinm,
939 1351 1114 1423 quoderat,
1143 1357 1176 1408 ut

42 1451 136 1510 diutins
155 1453 359 1522 subsisterem,
386 1453 437 1511 sed
460 1452 558 1510 oblata
578 1439 727 1510 occasione
749 1453 828 1510 Dens
850 1470 1025 1528 compassus
1055 1461 1114 1528 est,
1143 1465 1175 1512 ut

40 1557 148 1616 ulterius
168 1558 364 1617 subsisterem.

106 1663 209 1722 Vestra
230 1663 424 1722 illustrissima
438 1662 603 1722 Dominatio
624 1663 653 1720 in
676 1662 790 1734 litteris,
813 1679 884 1736 qrras
905 1669 965 1722 tum
986 1681 1038 1737 pro
1053 1665 1176 1739 pecunia

40 1768 141 1837 accepi,
172 1767 306 1834 laetatur,
337 1766 414 1839 qnod
442 1765 620 1836 evangelium
648 1766 756 1824 domini
783 1767 873 1824 nostri
894 1768 965 1826 iesu
987 1767 1094 1828 Christi
1114 1769 1175 1830 iilic

39 1870 153 1939 quotidie
174 1871 266 1941 magis
286 1875 503 1942 permoveatur,
532 1867 583 1926 scd
611 1885 667 1926 uon
690 1875 741 1926 -est
762 1868 899 1940 dubium,
931 1869 1006 1943 qnod
1028 1885 1063 1927 ea
1085 1869 1121 1928 de
1142 1887 1173 1930 re

37 1972 224 2032 illustrissima
244 1972 391 2032 celsitudo
413 1973 517 2030 Vestro
537 1972 626 2032 multo
647 1977 737 2046 magis
757 1972 964 2046 gratulabitur,
988 1974 1035 2032 ubi
1056 1991 1102 2034 me
1123 1991 1175 2034 au-

38 2074 126 2148 dierit,
158 2093 227 2134 nam
254 2074 381 2144 affirmo,
411 2074 583 2134 mirabiliter·
611 2091 686 2133 nunc
714 2091 817 2134 revera
837 2078 999 2149 promoveri
1021 2085 1051 2137 et
1071 2096 1174 2138 nomen

36 2178 230 2238 illustrissimae
252 2177 438 2238 celsitudinis
460 2180 571 2238 Vestrae
592 2195 695 2254 magna
716 2197 779 2239 esse
800 2183 829 2238 in
851 2182 1074 2254 existimatione,
1096 2185 1174 2256 quod

35 2300 118 2342 coram
140 2286 206 2345 Deo
228 2291 327 2344 sancto
349 2284 494 2357 confirmo,
516 2292 548 2344 ut
569 2302 663 2358 spero,
684 2302 730 2343 me
752 2302 848 2345 coram
869 2287 1020 2347 dicturum.
1055 2287 1173 2346 Interim

35 2405 72 2446 me
96 2397 267 2449 reverenter
292 2391 476 2464 couuuendo;
508 2393 634 2450 coelestis
655 2393 743 2450 Pater
769 2399 874 2465 augeat
894 2411 960 2452 suos
975 2395 1091 2452 divinos
1111 2389 1189 2452 tina·'

33 2508 130 2566 sauros,
153 2497 289 2568 spiritum
311 2495 446 2555 attidem
467 2513 519 2569 per
541 2495 686 2554 Christum
706 2497 850 2556 dominnm
871 2503 1007 2556 nostram.

101 2601 243 2673 Tubinrgac
265 2601 311 2658 die
336 2603 371 2658 iii
391 2600 471 2658 Jumi
496 2601 580 2659 1562.

775 2705 905 2765 Sarritor
926 2705 1090 2777 Vergerius.

93 2809 215 2864 Hierauf
233 2827 286 2864 von
307 2811 435 2879 Vergers'
456 2809 531 2863 haud
550 2808 596 2863 die
616 2809 804 2878 anmerkung:

91 2899 193 2952 Vestra
220 2897 412 2952 illustrissima
441 2896 584 2950 Cclsitrndo
613 2897 742 2966 ignoscat
769 2895 870 2966 puerili
898 2895 1050 2965 scriplnrae.
1097 2898 1173 2952 Meus

32 2987 204 3040 amanuensis
224 2985 323 3040 abivit.

91 3082 356 3153 Randbennerkung
374 3097 428 3134 von
448 3080 497 3134 des
515 3080 630 3150 hernogs
650 3081 740 3134 hand:

92 3169 208 3224 Bedaril
227 3168 347 3222 kheiner
366 3169 519 3222 annhwurh.

572 3399 634 3457 157.

328 3525 451 3614 Verger
478 3551 519 3592 an
544 3529 662 3614 herzog
684 3527 870 3612 Christoph.

398 3661 547 3734 Ttibingen
569 3663 607 3718 20
626 3661 696 3718 duni
719 3664 803 3719 1562.

88 3784 210 3846 hleideb,
229 3781 285 3836 aab
305 3783 367 3836 eine
386 3783 539 3838 krantheit
558 3783 606 3836 ihu
626 3781 776 3852 genlihhigt
796 3781 876 3846 habe,
896 3780 973 3836 scine
992 3781 1100 3836 sobreise
1119 3798 1173 3835 von

26 3877 173 3948 'itihingen
195 3879 423 3943 aufunschiebeu3
445 3879 629 3934 nachrichhen
649 3878 717 3932 iiber
731 3878 784 3932 den
797 3879 882 3947 papst
894 3877 951 3930 und
964 3878 1062 3932 dassen
1076 3877 1172 3946 planet

27 3972 124 4043 Verger
143 3975 273 4030 fiirchtet
292 3976 372 4030 einen
393 3975 529 4043 haldigen
548 3974 639 4045 krieg.

95 4073 301 4132 illustrissime
322 4074 459 4146 Princeps
481 4081 510 4132 et
531 4073 653 4132 Domine
675 4072 797 4131 Dourine
819 4071 1062 4130 Glernentissime!

96 4180 320 4239 constitueram
351 4179 489 4237 accedere
514 4178 667 4252 postridie,
700 4193 783 4249 quam
812 4175 969 4246 'lubingam
1000 4173 1173 4248 appulissem

23 4285 274 4358 scripsissemqne,
306 4284 357 4341 sed
384 4299 450 4342 ecce
473 4299 507 4340 cx
527 4281 682 4356 improviso
703 4279 840 4340 intumuit
856 4279 927 4370 'mihi
948 4295 1023 4353 genn
1045 4277 1174 4350 ejusdem

22 4392 117 4463 muris,
141 4389 225 4464 quod
247 4396 355 4446 tactum
377 4394 421 4446 est
431 4371 574 4460 paralysi,
595 4386 646 4445 liat
664 4386 796 4444 voluntas
811 4384 937 4450 Domini,
958 4389 1105 4455 acceptum
1127 4397 1173 4438 re·
