2830 5072
765 337 826 398 274
944 317 949 332 ⁵
1304 330 1356 386 rssr

227 509 402 571 commendo.
443 509 589 568 Aeternus
609 507 698 565 Pater
727 504 834 564 domini
860 505 952 562 nostri
973 501 1045 560 iesu
1066 502 1183 562 Christi·
1204 511 1307 578 augeat
1326 505 1359 562 illi

224 616 357 688 spiritum
377 621 407 674 et
427 613 511 673 fidem
532 597 585 687 p'er
605 611 729 670 eundem
751 611 888 691 dilectum
908 608 998 668 filium
1019 627 1112 668 suum.

303 720 442 795 Tubingae
462 719 520 776 XX
539 718 612 778 Julii
634 719 718 776 1561.

453 822 656 883 illustrissime
678 820 864 896 Celsitudinis
884 819 997 876 Vestrae
1017 819 1142 876 servitor

1128 923 1297 993 Vergerius.

756 1205 846 1262 118a.

527 1327 653 1414 Verger
676 1350 718 1392 an
738 1328 859 1410 herzog
882 1324 1068 1409 Christoph.

585 1455 733 1529 Tubingen
755 1459 771 1514 3
793 1457 908 1527 August
931 1455 1014 1513 1561.

295 1579 399 1647 Fragt,
429 1595 471 1631 wo
499 1578 546 1631 ein
573 1577 711 1634 Franzose
738 1577 909 1632 Monuoisius
936 1577 1038 1647 herzog
1059 1575 1212 1646 Christoph
1242 1576 1361 1647 spreohen

223 1676 328 1729 kenne.
1103 1723 1106 1730 .

303 1770 498 1830 illustrissime
519 1773 657 1846 Princeps
678 1779 708 1831 et
730 1773 851 1832 Domine
872 1771 995 1830 Domine
1017 1771 1263 1831 Clementissimel

302 1877 388 1934 Mane
415 1877 480 1934 misi
507 1875 720 1949 Stutgardiam,
752 1878 801 1935 ubi
828 1877 962 1952 putabam
987 1878 1120 1936 Vestram
1148 1875 1360 1933 illustrissimam

226 1982 433 2041 Celsitudinem
454 1998 526 2053 esse,
547 1984 670 2053 litteras,
691 2000 811 2055 quarum
833 1984 993 2056 exemplum
1015 1981 1124 2051 aderit3
1146 1987 1250 2052 postea
1262 1979 1359 2048 resciri,

225 2086 345 2146 eandem
366 2086 590 2146 illustrissimam
610 2085 817 2144 celsitudinem
839 2085 971 2143 Vestram
992 2083 1147 2154 Piullingae
1169 2099 1243 2142 esse.
1280 2083 1359 2154 Quare

224 2189 360 2249 famulum
381 2192 473 2262 mitto,
495 2191 543 2264 qui
564 2191 615 2249 has
636 2188 809 2263 Plullingam
831 2189 968 2263 perierat.

303 2294 419 2353 Summa
440 2300 492 2362 est,
514 2294 590 2366 quod
611 2293 660 2352 ille
676 2294 744 2351 Mori
758 2292 956 2350 Monuoisius¹
977 2291 1023 2349 die
1045 2294 1062 2348 6
1083 2291 1171 2362 hujus
1191 2289 1297 2348 mensis
1314 2287 1358 2345 dis-

225 2415 358 2458 cessurus
379 2399 417 2455 sit
437 2398 616 2470 Argenuus,
648 2405 681 2456 ut
702 2398 738 2454 ad
760 2397 894 2456 Vestram
915 2396 1142 2455 illustrissimam
1164 2394 1359 2453 Celsitudinen

171 2547 177 2564 .
224 2504 322 2563 veniat
344 2502 599 2578 (quemadmodum
620 2501 731 2578 scribit)
753 2519 807 2560 neo
828 2502 946 2560 dubium
968 2507 1023 2565 est,
1046 2500 1113 2574 quin
1136 2501 1184 2558 die
1205 2501 1224 2557 9
1246 2499 1359 2570 Stutgar·

225 2608 280 2666 diae
310 2605 424 2666 futurus
453 2600 500 2665 sit.
547 2607 642 2678 Quare
672 2607 870 2665 illustrissima
898 2606 1047 2664 Celsitudo
1077 2606 1180 2663 Vestra
1211 2603 1359 2676 dignabitur

224 2708 384 2782 significare
416 2707 485 2766 mihi
516 2726 569 2782 per
594 2711 724 2781 litteras,
756 2711 830 2769 sitne
863 2711 906 2768 illi
942 2710 1167 2782 exspectandum
1199 2707 1359 2780 Stutgardia

223 2819 275 2872 aut
293 2813 517 2872 invenationem
531 2813 724 2870 veniendum·
741 2812 836 2870 Audio
854 2814 937 2884 enim,
952 2811 995 2869 illi
1010 2827 1074 2898 esse
1089 2828 1162 2885 opus
1176 2809 1356 2870 festinatione.

225 2916 370 2991 Quidquid
390 2917 441 2975 illa
461 2917 651 2988 mandaverit,
672 2915 732 2977 liet.

301 3019 365 3094 Ego
385 3037 499 3095 quoque
520 3023 617 3094 nooepl
638 3026 705 3078 ante
726 3036 832 3093 paucas
852 3019 938 3078 horas
959 3035 995 3078 ex
1011 3019 1149 3079 Lituania
1163 3026 1243 3080 etex
1255 3019 1355 3079 Prussia

224 3127 347 3195 litteras,
368 3128 398 3184 in
414 3126 517 3200 quibus
531 3127 670 3185 nonnulla
684 3132 759 3196 sunt,
781 3142 845 3198 quae
860 3125 1065 3184 illustrissimae
1077 3124 1252 3184 Celsitudini
1262 3125 1357 3182 Vestra

225 3235 341 3302 oportet
360 3247 406 3289 me
428 3229 648 3290 communicare.
679 3230 822 3302 Dignatur·
836 3247 905 3302 ergo
918 3247 971 3302 pro
987 3247 1039 3289 sua
1059 3231 1215 3288 elementia
1235 3247 1279 3287 me
1298 3242 1357 3285 oon-

223 3333 415 3404 monefaoere,
437 3336 595 3395 debeamne
617 3335 662 3392 hic
683 3333 814 3394 fortassis
836 3343 1003 3408 exspectare
1026 3336 1103 3411 (nam
1124 3335 1209 3394 multi
1222 3331 1357 3397 affirmant,

225 3439 282 3498 huo
301 3447 452 3499 venturam
474 3441 699 3513 illustrissimam
720 3439 928 3500 Gelsitudinem
950 3439 1096 3515 Vestram)
1125 3455 1162 3496 an
1183 3455 1251 3498 vero
1271 3439 1298 3494 in
1315 3432 1358 3492 ali·

226 3561 310 3617 quem
338 3545 431 3602 locum
461 3546 491 3603 in
519 3543 700 3606 venationem
726 3548 835 3605 venire.
877 3547 960 3618 Quod
987 3547 1057 3604 milri
1081 3537 1249 3602 mandatnm
1275 3539 1357 3607 luerit,

225 3647 337 3706 leniam.
379 3649 553 3708 Commendo
574 3667 619 3708 me
641 3657 811 3710 reverenter
831 3649 1036 3708 illustrissime
1057 3649 1228 3708 Celsitudini
1250 3647 1355 3704 Vestrae.

144 3798 149 3805 .
225 3753 357 3812 Ooelestis
377 3755 465 3813 Pater
485 3762 593 3829 augeat
611 3754 655 3814 illi
677 3773 744 3814 suos
764 3755 876 3813 divinos
897 3754 1061 3825 thesauros,
1084 3753 1215 3826 spiritum
1236 3756 1264 3808 et
1280 3747 1356 3806 fidem

224 3874 278 3931 per
299 3857 444 3918 Christum
465 3860 610 3919 dominum
630 3867 770 3919 nostrum.

303 3963 408 4022 Datum
428 3965 566 4038 Tubingae
588 3964 674 4022 die·3
696 3965 819 4035 Augusti
843 3966 926 4021 1561.

450 4067 653 4126 illustrissimae
676 4066 863 4125 Celsitudinis
884 4067 996 4124 Vestrae
1022 4067 1145 4124 servitor

1128 4169 1282 4241 Vergerius.

789 4293 804 4326 ’l‘

294 4385 307 4437 1
328 4382 507 4438 Unbekannt.
545 4383 570 4438 S.
589 4403 615 4439 n.
637 4387 695 4441 119.
715 4387 773 4442 120.
