2852 5076
18 459 21 466 .
72 394 132 452 1555
599 397 657 458 lot

73 585 146 645 quam
165 575 273 642 portem
294 571 440 643 pecuniam
461 568 533 642 prob
544 569 601 628 Dei
616 567 861 642 omnipotentiam,
883 565 930 640 qui
944 566 1022 638 cogit
1036 581 1085 626 cos
1106 567 1201 635 eliam,

71 677 112 747 qni
130 679 275 732 versantur
295 675 324 732 iu
352 673 580 742 abominatione,
610 679 642 730 ιιι
666 673 769 746 juvent
797 671 855 730 tale
884 686 956 743 opus
982 677 1084 728 contra
1110 673 1202 746 ipsam

71 777 306 838 abominationem.
355 778 478 836 Omnino
508 793 606 836 sumus
633 779 720 835 visuri
753 774 912 848 mirabilia,
944 791 1008 848 qua
1035 774 1203 846 operabitur

72 884 191 942 Dominus
212 885 315 956 spiritu
336 901 398 942 suo.

135 987 194 1060 ugo
215 987 395 1062 aliquantum
417 993 541 1060 regrot03
563 984 703 1059 affligitur
724 999 842 1058 corpor,
870 991 902 1042 nt
921 981 1126 1043 corroboretur
1146 983 1202 1057 spi·

75 1091 144 1164 ritns3
170 1091 220 1150 fiat
241 1091 279 1150 de
301 1108 361 1160 me,
388 1091 465 1166 quod
485 1091 591 1152 bonum
614 1095 658 1148 est
678 1091 707 1148 in
729 1089 820 1149 oculis
841 1088 931 1163 ipsius
952 1087 1077 1148 coelestis
1098 1089 1203 1157 Patris,

73 1197 185 1255 etiamsi
205 1214 251 1254 mc
273 1197 346 1256 velit
365 1196 402 1254 ad
423 1211 454 1254 se
475 1211 586 1254 vocare.
630 1193 767 1253 Utinam!

136 1297 205 1357 Eum
233 1315 326 1370 rogo,
358 1303 389 1356 ut
416 1303 558 1370 perpetuo
586 1296 662 1354 adsit
691 1294 866 1354 sublimitati
888 1297 1001 1358 Vestroe
1029 1311 1081 1369 per
1104 1295 1203 1356 iesum

72 1405 208 1462 Christum.

136 1507 311 1583 Stutgardiae
334 1507 466 1568 kalendis
487 1507 596 1582 Aprilis
616 1503 737 1566 MDLV.

383 1617 387 1623 “
960 1607 1125 1684 Vergerius.

606 1886 653 1942 28.

367 2007 492 2092 Verger
514 2029 554 2071 un
579 2005 698 2092 herzog
720 2005 903 2092 christoph.

428 2117 573 2211 stuttgart
596 2139 631 2194 10
652 2137 737 2210 April
760 2139 843 2196 1555.

134 2257 222 2314 Bittct
241 2277 291 2312 um
309 2259 355 2314 ein
378 2261 473 2329 recept
497 2274 589 2328 gcgan
615 2257 669 2312 den
694 2258 783 2322 stein,
810 2276 856 2312 nm
884 2274 912 2313 cs
937 2258 1000 2313 dem
1025 2255 1127 2326 herzog
1152 2270 1207 2311 ιοιι

72 2353 175 2409 Mortua
192 2373 227 2409 uu
247 2353 388 2412 scbicken.

140 2452 338 2512 illustrissime
370 2460 399 2512 et
429 2431 676 2512 Excellentissime
708 2453 846 2524 Princeps
877 2459 907 2510 et
934 2451 1057 2510 Domine
1085 2449 1206 2508 Domine

72 2555 289 2616 Grutiosissime!
621 2533 624 2544 ¹

148 2662 239 2733 Quum
279 2668 346 2720 ante
381 2664 533 2722 nonnullos
567 2679 679 2721 tilenses
714 2663 849 2722 dixissem
881 2661 1052 2722 Celsitudini
1084 2661 1206 2730 Vestrae,

75 2765 97 2820 d.
122 2765 219 2825 ducem
247 2767 402 2825 Mantuae¹
430 2767 539 2825 calculo
568 2766 713 2839 laborare,
743 2784 778 2826 eo
798 2767 880 2826 dedit
905 2765 975 2824 mihi
1002 2766 1139 2836 scriptum
1160 2778 1206 2820 re·

72 2869 195 2934 medium.
224 2867 303 2944 quod
324 2869 367 2927 illi
388 2871 548 2941 mitterenr;
571 2873 650 2941 misi,
681 2872 786 2930 accidit
806 2887 889 2942 vcro,
912 2869 987 2945 quod
1008 2885 1080 2927 mese
1100 2867 1206 2925 litterae

72 2974 207 3044 perierint.
239 2974 323 3044 Quod
342 2991 427 3047 quom
443 2975 481 3033 ud
496 2993 580 3034 ames
602 2977 666 3049 ejus
687 2977 872 3035 illustrissimi
894 2973 1000 3032 domini
1020 2973 1207 3045 pervenisset,

71 3078 171 3151 scripsit
191 3094 284 3152 nuper
304 3078 341 3136 ad
364 3095 407 3134 me
429 3095 530 3151 nempe
547 3077 593 3136 dic
611 3081 648 3136 29
670 3078 779 3150 Martii,
801 3087 828 3134 ct
851 3077 971 3149 primum
992 3072 1110 3132 mandat
1130 3069 1208 3142 mihi,

73 3187 99 3236 nt
124 3199 172 3240 sno
204 3183 320 3240 nomine
352 3199 433 3256 agam
469 3181 577 3254 glutias
608 3199 692 3256 qrram
726 3184 862 3240 maximus
888 3183 1001 3240 Vestrae
1031 3176 1209 3244 Celsitudini,

73 3303 125 3357 quae
150 3287 270 3360 dignata
294 3293 339 3345 est
366 3288 545 3358 aegritudinis
574 3291 636 3362 ejus
666 3302 761 3344 curem
790 3285 916 3353 habere,
947 3284 1052 3344 deinde
1082 3283 1115 3342 ut
1145 3283 1209 3340 dili·

72 3397 162 3462 genter
182 3409 262 3450 orem
284 3407 337 3465 pro
359 3389 488 3448 remedio
510 3406 609 3448 rursus
638 3388 793 3458 mittend03
824 3385 949 3446 affirmat
976 3388 1051 3444 enim
1078 3403 1141 3444 esse
1162 3400 1209 3443 ve·

73 3493 209 3564 risstmnm,
232 3496 309 3570 qood
331 3512 365 3554 eo
387 3494 486 3553 morbo
507 3495 610 3552 misere
623 3495 773 3552 crucietur.
807 3490 996 3564 Quamobrem
1011 3508 1096 3565 quum
1112 3491 1208 3558 sciam,

75 3595 194 3658 Vestrum
205 3600 418 3658 Sublimitntem
434 3600 583 3672 proditam
607 3617 669 3658 esse
690 3616 758 3658 vera
771 3599 826 3657 Dei
840 3599 961 3656 caritate
976 3602 1063 3670 atque
1078 3593 1209 3654 omnibus

74 3717 165 3775 mpero
185 3703 368 3771 benefacere,
390 3704 550 3776 praesertim
573 3711 629 3761 tam
652 3703 741 3762 nobili
757 3707 786 3762 et
803 3718 905 3774 magno
919 3699 1050 3772 principi,
1071 3697 1209 3772 supplico,

75 3811 101 3864 ut
118 3808 249 3882 dignetur
269 3811 310 3868 illi
322 3809 480 3869 remedium
496 3811 567 3870 illud
584 3809 802 3875 communicare,
818 3808 885 3880 quin
901 3813 1032 3880 putarem
1048 3805 1209 3862 consultum
1293 3819 1297 3836 ·

76 3917 100 3968 et
108 3913 140 3971 ad
151 3916 372 3987 promovendum
381 3917 458 3974 illius
468 3915 592 3974 animum
601 3916 723 3972 maximo
735 3913 905 3976 conducere,
917 3907 1210 3968 siVestreCelsitudo

77 4025 126 4076 met
139 4021 175 4078 ed
194 4022 272 4078 illum
288 4021 418 4080 mitteret
434 4027 462 4078 et
478 4019 627 4086 scriberet,
649 4035 693 4076 me
710 4020 773 4091 ejus
790 4016 904 4075 nomine
920 4016 1046 4090 petiisse,
1067 4020 1117 4072 aut
1129 4015 1151 4072 si
1166 4030 1211 4072 se·

78 4134 118 4178 cus
131 4121 252 4193 videtur,
273 4125 384 4181 mittam
400 4141 468 4196 ιρις
492 4125 542 4186 sed
558 4125 594 4182 ull
610 4139 655 4180 me
667 4125 800 4180 mittatur
816 4137 933 4180 neccsse
945 4127 997 4190 est,
1013 4120 1121 4178 nullum
1135 4119 1210 4178 enim

141 4356 153 4408 l
172 4354 304 4412 Wilhelm
318 4357 458 4429 Gonnuge,
479 4359 542 4428 gcb.
558 4358 632 4424 1536,
653 4357 756 4428 herzog
775 4371 831 4411 von
843 4355 969 4418 Mantua,
990 4354 1057 4407 1550
1074 4351 1118 4404 bis
1136 4349 1212 4404 1573.

82 4434 304 4507 litglicherwcise
322 4443 428 4500 kdnnte
448 4444 520 4500 euch
538 4445 672 4500 Farrunte
692 4443 825 4515 Gonuaga
842 4443 883 4496 br.
903 4458 930 4498 ιι.
951 4441 982 4495 15
1001 4436 1126 4510 gemeint
1143 4433 1210 4491 sein.
