2830 5078
749 319 811 380 248

749 567 813 622 102.

511 698 636 784 Verger
659 719 701 762 un
725 698 845 784 herzog
868 698 1053 785 christoph.

539 827 715 900 Reutliugen
737 829 775 884 20
796 828 920 887 October
943 831 1026 887 1560.

281 950 370 1006 Bittct
388 917 443 1004 den
463 947 619 1019 gesuudten
638 948 686 1004 des
704 947 821 1019 herrogs
840 965 895 1003 ron
907 949 1114 1021 Mecklenburg
1126 949 1330 1019 nach'l'dbingcr

207 1065 238 1100 zu
258 1043 403 1109 schiclren;
432 1043 502 1100 tibur
526 1043 588 1099 cine
613 1043 683 1098 reise
707 1043 755 1099 des
779 1044 893 1114 papstcs
919 1045 993 1100 uach
1011 1045 1184 1110 qusbruck,
1214 1045 1268 1100 den
1291 1060 1330 1099 orn

207 1159 261 1196 von
281 1139 428 1203 mubiano,
448 1138 493 1193 dic
513 1137 657 1194 zobclielle
677 1139 735 1193 und
754 1138 830 1195 scine
847 1139 1037 1198 litterarischc
1055 1141 1222 1214 thetigkeit.

285 1241 480 1299 illustrissime
502 1239 641 1312 Princeps
661 1245 691 1297 ct
712 1239 832 1296 Domine
854 1239 976 1298 Domine
998 1240 1242 1300 Clementissime!

286 1347 390 1416 Audio,
411 1344 487 1418 opud
501 1343 725 1402 illustrissimam
742 1343 947 1403 celsitudinem
960 1345 1093 1404 Vestram
1113 1363 1189 1404 nnnc
1208 1361 1270 1404 esse
1290 1346 1333 1402 illu·

213 1452 344 1510 strissimi
376 1449 457 1510 ducis
484 1447 751 1521 Mecbelburgeusis
778 1449 913 1522 legatum.
956 1450 1051 1520 Quare
1077 1467 1141 1509 cunr
1166 1450 1209 1508 illi
1236 1449 1335 1524 principi

212 1557 368 1630 plurimum
398 1554 519 1612 debeam
551 1570 604 1612 nec
628 1555 734 1626 possim
763 1571 817 1626 ego
838 1559 958 1628 propter
978 1556 1175 1615 valetudinem
1195 1554 1287 1614 isthuc
1304 1573 1335 1613 re·

211 1663 282 1732 nire,
304 1661 387 1718 mitto
408 1657 557 1730 famulum,
580 1659 629 1732 qui
651 1659 773 1717 eundem
794 1661 921 1733 legatum
941 1661 1058 1733 invitet,
1086 1660 1276 1732 ut-Tubingae
1296 1676 1335 1717 nc·

185 1773 187 1778 '
211 1781 274 1824 cum
294 1765 340 1832 sit,
362 1764 409 1821 ubi
431 1765 532 1822 saltem
553 1765 660 1835 poterit
681 1764 806 1822 scholam
826 1763 934 1836 videre,
955 1771 1148 1838 praeterquum
1170 1765 1246 1838 quod
1265 1765 1336 1822 buben

213 1870 361 1939 nonnulla,'
381 1885 444 1943 qnae
466 1867 610 1927 conferunt
632 1885 696 1926 cum
716 1868 775 1926 illo.
808 1870 903 1942 Quare
924 1871 947 1928 si
969 1867 1100 1928 fortassis
1124 1886 1180 1928 non
1201 1869 1287 1929 fuerit
1304 1884 1338 1926 cr·

210 1974 340 2048 peditus,
368 1979 397 2032 et
417 1977 440 2032 si
463 1975 638 2048 Stutgerdise
660 1975 797 2033 subsistet
817 1977 937 2046 intereo,
960 1974 1027 2032 dum
1048 1975 1247 2034 illustrissimo
1265 1974 1337 2032 Celsi·

209 2079 280 2139 tudo
301 2080 406 2138 Vestra
426 2078 622 2150 Heidelberga
642 2085 822 2151 revertetur,
849 2081 1011 2139 consultum
1032 2081 1103 2149 crit,
1125 2084 1159 2138 ut
1178 2079 1216 2139 ud
1236 2095 1285 2138 nus
1303 2095 1338 2136 rc·
1394 2087 1395 2170 t

210 2187 279 2256 nist,
303 2183 432 2242 dabimus
454 2185 528 2242 enirn
550 2199 679 2255 operum,
703 2189 735 2242 nt
755 2183 858 2242 saltem
879 2191 1010 2244 amanter
1029 2185 1231 2258 suscipiamus,
1255 2185 1338 2242 sinon
1395 2194 1396 2224 r

209 2287 376 2350 honorifice.
1180 2330 1182 2334 .
1396 2299 1397 2374 t

287 2395 363 2452 Fere
392 2393 554 2466 quindecim
581 2394 682 2452 diebus
706 2394 747 2453 fui
772 2396 959 2469 Reittlingae4
988 2396 1118 2455 mutendi
1148 2397 1225 2455 stris
1253 2393 1340 2468 gruna.
1397 2408 1398 2480 ξ

209 2501 301 2574 Spero
323 2505 419 2558 sutem
440 2514 485 2556 me
508 2498 553 2557 die
575 2499 665 2558 Lunae
686 2506 737 2559 aut
752 2501 856 2559 Martis
870 2500 1028 2574 Tubiugam
1043 2517 1236 2561 reversurum.
1266 2499 1342 2557 Valeo
1398 2513 1399 2586 t

210 2610 366 2677 utcunque,
388 2604 439 2662 sed
452 2604 566 2662 Domini
584 2607 715 2664 voluntas
736 2606 796 2677 fiat,
818 2606 878 2665 sive
900 2607 1030 2679 vivimus,
1052 2609 1111 2666 sive
1132 2609 1275 2676 morimur,
1294 2605 1342 2662 Du·

211 2707 280 2766 mini
301 2725 397 2766 snmus
418 2707 463 2783 (ut
484 2709 592 2766 Paulus
613 2709 676 2785 uit).
1366 2779 1369 2786 Ι

291 2812 374 2884 Quod
394 2811 496 2886 Pupn¹
513 2813 618 2885 iactet,
642 2815 717 2874 velle
738 2813 943 2886 monumen*
969 2817 1082 2884 venire,
1104 2816 1176 2874 nibil
1201 2815 1276 2875 uliud
1300 2818 1343 2880 cst,

212 2936 296 2993 quum
318 2917 395 2978 fictio
417 2924 447 2976 et
467 2921 747 2992 terriculamentum
773 2921 870 2980 reniet
890 2924 965 2980 enim
986 2923 1073 2980 etium
1094 2920 1288 2980 Mediolanum
1304 2933 1342 2975 us·

212 3041 277 3096 que,
299 3041 362 3097 quse
384 3031 428 3082 cst
448 3023 491 3083 illi
511 3023 615 3096 patrio,
637 3028 667 3081 et
677 3021 808 3081 fortassis
824 3023 1001 3094 Tridentum,
1023 3031 1054 3082 ut
1075 3023 1198 3082 incutiat
1218 3025 1343 3088 timorem,

211 3128 262 3185 sed
282 3129 463 3200 Euuponturn
486 3143 577 3200 usque
598 3127 715 3186 minime
736 3128 875 3200 gentium.

288 3231 465 3302 Laetabitur,
494 3231 571 3305 quod
591 3232 752 3291 Moscovitu
772 3248 926 3306 prosperus
946 3231 1051 3291 hubent
1072 3247 1236 3302 successus,
1263 3245 1343 3301 neque

125 3335 137 3358 ‘
212 3336 314 3407 deerit,
336 3336 404 3409 quin
424 3337 517 3408 ipsum
537 3335 686 3404 sollicitet,
708 3337 785 3410 quod
806 3353 863 3395 non
885 3337 992 3396 dubito.
1034 3336 1077 3396 De
1099 3353 1156 3410 quo
1178 3331 1344 3395 Muscnritu³

165 3483 169 3491 ,
212 3457 265 3514 ego
286 3442 361 3498 mule
382 3440 472 3498 multu
493 3447 605 3509 metuo,
632 3447 663 3500 ct
685 3459 719 3500 ne
739 3443 799 3514 jam
821 3443 982 3501 excurrerit
1002 3442 1078 3502 ultra
1098 3442 1251 3501 Prussium.
1290 3438 1343 3498 Scio

147 3593 151 3601 .
211 3543 368 3619 regionem,
390 3544 469 3601 Deus
480 3545 598 3616 adjuvet
619 3563 686 3619 n0s;
708 3553 862 3620 consurget
884 3553 962 3606 certe
983 3563 1057 3606 novu
1076 3545 1287 3608 monarchieub
1300 3543 1342 3600 illo

211 3649 278 3708 tidci
300 3625 442 3708 Rutbenoe
463 3651 600 3722 principe.

290 3755 413 3824 Propter
433 3753 504 3812 istos
525 3760 617 3813 mutus
639 3755 757 3814 bellicus
776 3761 847 3828 puto
870 3772 926 3814 nnn
946 3737 1103 3815 'advenisse
1130 3755 1274 3826 famulum,
1299 3750 1341 3824 qui

211 3863 275 3916 orat
299 3873 352 3931 per
380 3858 524 3916 Prnssium
554 3865 690 3920 venturus
718 3878 781 3919 cum
807 3861 929 3932 pecnnia
956 3861 993 3918 ud
1021 3860 1048 3919 d.
1074 3861 1214 3920 Lituunos
1242 3865 1269 3919 et
1290 3858 1341 3915 Ru·

211 3961 336 4022 rhenos*
356 3962 514 4034 studiusuS,
542 3965 592 4023 sed
614 3966 710 4023 veniet
730 3971 826 4026 tamen
848 3983 901 4039 per
922 3964 1070 4024 Polonium
1091 3966 1228 4026 minorem
1246 3969 1274 4023 et
1291 3960 1339 4018 Bu·

282 4119 294 4170 1
319 4117 344 4171 S.
364 4136 391 4172 n.
410 4119 453 4173 94.

279 4205 295 4258 2
315 4204 478 4260 Innsbruck.

279 4291 391 4436 {Igu
410 4293 692 4434 IV9gdasiljewibscm
711 4317 773 4362 cuer
793 4315 847 4360 rou
869 4298 935 4354 1533
954 4297 996 4352 bis
1017 4298 1091 4353 1584.
1127 4297 1190 4368 Vgl.
1209 4295 1244 4350 br.
1261 4291 1319 4345 stu.

341 4397 379 4450 g.
399 4397 426 4433 n.
481 4424 486 4434 .
