2830 5078
49 374 108 428 1559
568 379 623 438 191

112 549 199 620 Quare
219 549 310 606 visum
330 551 375 604 est
396 545 478 616 mihi,
505 561 598 604 meum
619 551 754 618 nepotem
774 547 871 604 stetim
898 547 1035 619 mittere,
1067 554 1100 606 ut
1126 565 1171 620 ea,

45 669 98 724 quae
116 653 180 709 mihi
199 653 333 710 videntur
361 650 461 724 digne,
491 667 555 723 quae
576 649 688 708 Vestrae
708 649 858 723 Mejestnti
885 652 1097 724 nuntiarentur,
1118 653 1171 712 ad-

43 754 128 814 ferret.

110 860 278 932 Quacumque
299 860 328 916 in
349 876 381 916 re
402 857 613 917 illustrissimus
639 860 773 931 prioeeps
793 875 874 917 meus
893 859 1002 932 poterit
1022 859 1172 932 Mejestati

43 965 138 1020 Vestrae
157 980 264 1036 suoque
286 979 375 1036 regno
397 963 546 1020 commodo
568 971 597 1021 et
617 963 718 1021 honori
740 979 802 1022 esse
824 963 860 1020 ad
881 965 1094 1037 propagandam
1111 966 1171 1036 glo-

44 1070 100 1124 riam
116 1073 143 1124 et
157 1068 293 1125 honorem
305 1067 370 1137 Dei,
391 1083 506 1139 possum
523 1064 677 1134 affirmare,
699 1069 766 1140 quia
781 1085 895 1126 sensum
912 1069 975 1140 eJus
995 1069 1070 1140 novi,
1092 1085 1173 1127 suam
1209 1085 1213 1096 ’

46 1172 223 1228 celsitudinem
251 1188 308 1228 non
335 1169 511 1230 defuturam.
552 1170 733 1228 Christianus
760 1187 841 1240 sum,
872 1187 966 1244 neque
987 1171 1171 1245 affirmarem,

44 1275 105 1347 quod
124 1293 178 1334 non
199 1283 277 1334 esset
298 1277 366 1332 mihi
387 1275 652 1347 compertissimum.
693 1274 777 1333 Nune
797 1277 852 1346 eit,
873 1276 951 1349 qnod
971 1276 1007 1334 nd
1028 1275 1172 1336 eonloede·

42 1382 163 1437 rationem
184 1381 214 1436 in
236 1396 323 1437 eausa
343 1379 492 1450 religionis
514 1377 674 1436 leniendam
695 1381 810 1450 attinet,
832 1387 967 1453 oportere
985 1397 1044 1438 rem
1064 1387 1171 1440 tentem

42 1483 70 1541 ad
86 1485 205 1556 reliquos
221 1485 368 1556 principes
381 1488 578 1556 protestantes
594 1481 724 1556 deferre;
747 1485 838 1541 solum
851 1489 902 1542 eut
923 1501 986 1542 eum
1008 1500 1064 1541 nno
1085 1491 1172 1558 etque

42 1589 119 1646 altero
139 1588 268 1660 principe
290 1587 360 1646 nihil
381 1603 474 1659 posse.
517 1585 613 1657 Quare
644 1603 675 1644 se
704 1587 818 1644 dedisse
839 1589 867 1644 iu
889 1587 1032 1645 mandetis
1052 1591 1110 1647 suis
1130 1589 1172 1648 le·

42 1691 110 1764 gatis,
129 1709 199 1766 quos
220 1691 258 1750 ad
280 1692 396 1749 comitia
416 1693 586 1762 Augustana
607 1691 698 1762 misit,
729 1697 759 1750 ut
780 1709 843 1750 eum
864 1693 926 1750 eliis
942 1693 1117 1766 principibus
1138 1709 1173 1751 ea

42 1795 70 1850 de
87 1813 116 1854 re
135 1801 265 1867 egerent,
288 1795 354 1852 dum
376 1797 437 1868 ipse
459 1800 560 1867 postea
580 1795 788 1866 supervenerit.

106 1901 216 1958 Deinde
238 1901 309 1958 mihi
331 1899 420 1970 dixit,
447 1917 478 1958 se
500 1915 632 1974 sperare,
661 1897 738 1972 quod
765 1899 949 1958 illustrissimi
976 1901 1121 1974 principes
1141 1907 1172 1960 et

45 2010 121 2062 status
132 2004 306 2075 Germaniae,
328 2004 377 2077 qui
392 2004 541 2076 evangelio
562 2020 666 2062 nornen
688 2004 839 2075 dederunt,
862 2021 917 2062 uon
935 2006 992 2062 sint
1009 2007 1172 2064 recusaturi

42 2107 174 2182 (quantum
196 2110 260 2182 ipse
284 2106 451 2184 existimet),
481 2107 548 2180 quio
570 2107 659 2166 velint
679 2125 730 2166 suo
758 2108 877 2167 oonsilio
904 2124 1012 2182 suaque
1033 2125 1123 2180 opere
1142 2109 1172 2167 in

44 2228 113 2272 cause
131 2215 283 2285 religionis
303 2213 499 2287 promovenda
520 2213 705 2286 Mejestetem
726 2213 858 2272 Vestram
881 2215 956 2272 serio
974 2215 1086 2285 jnvere.
1128 2214 1172 2272 De

41 2314 96 2389 loe,
115 2319 244 2390 inquam,
268 2333 323 2374 noo
346 2317 476 2387 dubitet,
504 2317 555 2374 sed
576 2317 623 2374 vix
643 2323 739 2390 putot,
760 2334 844 2390 posse
865 2316 943 2390 fieri,
966 2326 998 2376 ut
1017 2318 1084 2376 telis
1104 2334 1172 2376 cou-

42 2417 175 2480 loederetio
197 2424 332 2494 ineatur,
364 2423 457 2496 qualis
478 2423 552 2480 solet
572 2421 635 2480 lieri
656 2425 685 2482 iu
707 2423 823 2482 tuendis
843 2423 929 2482 robus
949 2423 1093 2498 prolenis,
1121 2422 1171 2481 de·

42 2523 134 2584 lensiva
153 2529 269 2588 scilieet
289 2533 376 2601 atque
397 2529 485 2585 etiem
507 2527 654 2586 eliensive.

103 2631 214 2691 Deinde
236 2635 279 2690 ait
299 2631 505 2690 illustrissimus
527 2631 658 2689 dominus
678 2633 811 2705 princeps
832 2648 920 2700 meus,
942 2631 995 2691 sibi
1010 2633 1170 2690 consultum

43 2734 123 2804 videri,
143 2743 175 2794 ut
196 2737 339 2808 Mejestas
360 2735 464 2794 Vestra
484 2737 581 2794 mittat
600 2751 668 2792 suos
688 2736 725 2792 ad
746 2737 862 2793 eomitie
889 2737 1014 2809 legatos,
1044 2737 1093 2810 qui
1114 2737 1172 2795 illie

43 2837 68 2895 de
84 2840 124 2898 his
143 2840 323 2914 gravissimis
342 2839 429 2900 rebus
450 2857 515 2898 eum
535 2841 720 2914 principibus,
742 2841 791 2915 qui
808 2839 936 2898 ndluturi
951 2847 1025 2912 sunt,
1049 2840 1171 2899 dextere

43 2947 116 3002 arturi
135 2953 211 3004 sunt.
309 3015 310 3027 χ
482 2949 485 2958 ’

102 3049 255 3108 Postremo
276 3049 344 3106 mihi
365 3049 446 3120 dixit,
459 3065 498 3106 se
519 3050 671 3126 audivisse,
693 3056 753 3108 tum
774 3049 925 3121 Gaesarem,
947 3031 1007 3107 tum
1017 3047 1169 3120 Hispanie-

42 3165 91 3208 rum
107 3170 203 3227 regem
226 3153 297 3211 satis
317 3154 401 3210 oleris
421 3152 517 3212 verbis
538 3153 654 3225 dixisse,
675 3153 699 3212 si
716 3153 821 3212 Vestra
842 3153 982 3225 Mejestas
1001 3153 1092 3212 nollet
1112 3170 1171 3212 nm·

28 3255 112 3330 ,plecti
129 3259 313 3332 papistieem
346 3255 443 3332 (quem
469 3258 524 3329 ipsi
552 3257 720 3316 catholicam
747 3259 916 3331 religionem
941 3257 1112 3333 nominent)
1141 3275 1171 3316 se

44 3363 116 3430 magis
135 3379 219 3434 posse
241 3361 311 3433 pati,
332 3363 356 3418 si
377 3363 407 3419 in
427 3377 517 3435 regno
537 3361 702 3436 Mejestatis
723 3363 836 3420 Vestrae
856 3369 974 3435 recepte
994 3361 1083 3420 fuerit
1104 3363 1172 3420 doe·

43 3463 103 3520 trina
121 3467 149 3523 in
170 3469 339 3538 Augustaun
359 3463 539 3524 confessione
570 3473 714 3525 contentu.
750 3465 888 3538 Magnum
908 3465 1026 3525 verbum
1048 3471 1078 3525 et
1098 3467 1172 3526 bene

45 3571 256 3640 expendendum.

106 3675 173 3734 Haec
193 3676 264 3734 milri
285 3675 495 3734 illustrissimus
516 3691 596 3734 meus
623 3675 757 3748 princeps
786 3673 943 3734 elementer
969 3681 1056 3747 etque
1084 3671 1173 3732 eonfi-

45 3773 131 3835 denter
150 3780 236 3850 dixit,
258 3785 288 3838 et
309 3796 374 3837 eum
394 3781 467 3851 seio,
488 3794 572 3850 posse
594 3795 658 3838 eum
679 3777 754 3852 pari,
775 3785 807 3836 ut
827 3795 845 3836 a
864 3795 909 3836 me
931 3795 984 3850 pro
1003 3779 1097 3850 gloria
1117 3779 1173 3836 Dei

46 3879 196 3956 scribantur,
218 3883 370 3960 scribenda
390 3899 466 3944 nune
486 3884 595 3956 poteri.

109 3988 189 4048 Nono
208 3989 318 4062 aliquid
338 3989 373 4048 de
394 4003 458 4048 meo
478 3995 649 4047 reverenter
670 3987 771 4046 dicem.

110 4090 296 4152 Serenissime
314 4093 439 4164 Regina!

111 4196 203 4267 Quum
221 4199 257 4256 de
278 4197 386 4256 tuende
405 4195 546 4268 religione
566 4203 684 4268 agetur,
707 4211 763 4254 non
784 4199 919 4271 putarim,
940 4215 1012 4272 opus
1033 4214 1096 4258 esse
1116 4200 1174 4257 alia

49 4297 224 4360 amicitiaeue
242 4301 504 4372 confoederatione,
525 4317 610 4374 quam
631 4317 683 4370 ee,
705 4319 790 4375 quam
809 4303 1020 4361 illustrissimus
1039 4304 1173 4376 princeps

49 4413 114 4459 meus
132 4404 235 4479 laudet,
257 4421 361 4476 nempe
382 4409 414 4462 ut
434 4405 501 4463 hine
519 4407 706 4477 promittetur
717 4405 868 4466 eonsilium
882 4413 970 4480 etque
982 4421 1080 4480 opera.
1110 4404 1173 4462 Hoe
