2862 5080
758 365 821 429 400
1298 365 1360 420 15⁰3

218 549 314 593 eorem
334 549 418 606 agam
438 531 475 592 de
495 548 528 592 re
548 538 628 602 tota,
656 533 802 594 licentiam
822 539 983 610 petiturus,
1016 536 1041 595 si
1065 537 1193 598 eandum
1215 539 1358 612 videbitur,

218 653 311 712 neque
333 637 409 696 enirn
429 637 491 695 sine
512 636 630 696 lieentia
650 636 707 696 iter
727 639 912 712 aggrederer.
948 641 1021 700 Sunt
1042 641 1111 715 mihi
1132 660 1150 700 a
1170 644 1300 714 nepote¹
1319 645 1358 703 lit·

218 748 290 800 terre
316 758 352 803 ex
373 739 504 812 Prusnie,
537 741 573 800 de
604 741 708 815 quibus
729 742 815 802 etiem
838 760 933 804 coram
962 761 1044 818 agam
1074 746 1196 820 aliisque
1217 748 1254 806 de
1274 748 1358 806 rebus.

218 822 393 904 Commendo
419 861 465 903 rne
492 854 662 904 reverenter
686 845 891 907 Illustrissimae
920 848 1091 908 celsitudini
1117 851 1238 909 Vestra.
1278 853 1358 910 Pater

217 949 344 1009 coelestis
370 955 475 1021 augeat
495 948 539 1008 illi
559 965 626 1009 snos
648 951 759 1011 divinos
784 953 951 1026 thesauros,
982 955 1114 1028 spiritum
1143 961 1175 1014 et
1201 954 1289 1014 iidem
1313 973 1358 1027 per

217 1051 364 1112 Christum
383 1053 528 1112 dominum
548 1061 686 1114 nostrum.

295 1173 434 1248 Tubingae
455 1175 502 1233 die
522 1173 594 1234 XXI
615 1191 691 1236 anno
713 1177 760 1234 63.

443 1294 648 1354 Illustrissimae
669 1295 855 1356 Celsitudinis
876 1297 989 1357 Vestra
1008 1299 1134 1359 servitor

1122 1421 1289 1495 Vergerius.

760 1680 824 1737 192.

518 1808 644 1894 Verger
666 1831 708 1873 an
731 1809 850 1896 herzog
873 1809 1058 1896 christoph.

541 1948 690 2022 Tttbingen
715 1953 747 2006 11
771 1949 933 2010 December
955 1951 1039 2010 1563.

284 2078 374 2135 Bittet
393 2097 440 2133 um
458 2077 503 2134 ein
521 2076 603 2148 pferd
620 2095 656 2132 zu
674 2077 767 2134 seiher
785 2077 857 2134 reise
874 2079 905 2132 in
923 2079 969 2134 die
988 2079 1121 2135 Schwein.

291 2202 489 2263 Illustrissime
509 2202 648 2276 Princeps
669 2208 698 2262 et
719 2203 842 2262 Domine
864 2203 986 2264 Domine
1007 2203 1252 2266 clementissime!

291 2308 404 2367 Eodem
425 2308 481 2379 die,
502 2323 559 2381 quo
581 2305 729 2366 Celsitudo
750 2307 855 2367 Vestra
874 2308 964 2368 abivit
985 2308 1060 2380 hinc,
1081 2312 1249 2384 supervenit
1268 2309 1295 2368 d.
1308 2309 1352 2368 vi-

213 2414 358 2474 dasmede
370 2410 506 2474 Oartres'
518 2411 627 2482 Gallus,
649 2429 712 2472 cunr
733 2428 790 2486 quo
810 2414 921 2488 aliquot
937 2414 1021 2472 ‚horis
1041 2430 1103 2472 sum
1124 2420 1264 2486 versatus,
1285 2415 1354 2472 visus

214 2528 259 2579 est
279 2519 348 2577 mihi
369 2518 496 2592 prudens
515 2520 574 2590 vir,
602 2518 734 2577 eruditus
755 2525 785 2575 et
805 2519 884 2592 pius,
912 2519 1151 2593 quemadmodum
1172 2519 1277 2578 Vestra
1296 2518 1354 2578 Cel·

212 2625 308 2685 aitndo
329 2625 432 2682 melius
449 2624 616 2697 iudicatura
637 2632 690 2696 est,
712 2624 748 2682 de
770 2639 827 2697 quo
848 2627 906 2683 no'n
927 2625 1034 2683 attinet
1053 2625 1137 2696 plura
1158 2624 1265 2683 dicere.
1302 2623 1353 2681 Fui

213 2731 277 2790 heri
296 2730 440 2802 Retlingae
460 2734 583 2802 egomet,
606 2729 722 2802 quesivi
744 2744 847 2802 magna
867 2728 1017 2800 diligentia
1038 2745 1152 2802 equum,
1173 2745 1230 2802 quo
1250 2727 1352 2786 abirem
1428 2727 1429 2757 r

213 2835 250 2894 ad
270 2835 328 2894 iter
347 2850 451 2904 meum,
472 2826 502 2890 et'
523 2833 615 2890 Deum
637 2837 744 2904 testor,
772 2848 818 2891 me
839 2848 895 2890 non
917 2833 1045 2906 potuisse
1066 2834 1206 2906 reperire.
1245 2831 1353 2906 Reliqui
1427 2835 1428 2871 l

213 2940 279 3014 equi
299 2940 356 2998 mei
376 2944 443 2997 sunt
462 2954 526 2996 cum
546 2953 610 2996 meo
635 2937 764 3010 nepote⁸
790 2938 820 2996 in
841 2937 986 2996 Prnssiam
1013 2937 1136 3012 profecti
1165 2945 1195 2996 et
1222 2939 1351 2997 redibunt
1426 2945 1427 2985 l

213 3042 261 3121 (ut
281 3042 377 3119 spero)
398 3041 576 3116 propediem.
617 3041 771 3116 Reliquum
792 3049 851 3113 est,
872 3048 906 3100 ut
926 3059 970 3100 me
991 3041 1028 3100 ad
1048 3041 1273 3102 illustrissimam
1293 3041 1352 3102 Gel·
1425 3065 1426 3099 r

213 3148 367 3207 citudinem
388 3154 569 3216 convertam,
598 3163 683 3220 quam
703 3163 755 3220 per
775 3145 875 3204 lesum
903 3146 1038 3219 obsecro,
1058 3152 1100 3206 ut
1119 3147 1255 3220 dignetur
1273 3163 1355 3204 unum
1424 3149 1425 3215 l

212 3259 312 3312 mutuo
334 3253 502 3311 concedere.
543 3251 673 3312 Reddam
694 3251 769 3310 enim
790 3251 896 3310 sanct'e.
937 3251 1077 3326 Cuperem
1100 3268 1204 3326 equum
1224 3267 1355 3325 promea
1423 3251 1424 3329 l

211 3373 335 3432 persona
354 3356 498 3428 placidum
519 3363 549 3414 et
568 3357 685 3415 minime
706 3353 832 3414 ieronem
853 3363 884 3414 et
902 3357 1018 3414 minime
1038 3337 1216 3430 pretiosum,
1238 3373 1355 3416 commu·
1421 3359 1423 3444 l

212 3479 278 3520 nem
299 3477 404 3533 equum
431 3467 462 3520 et
482 3461 673 3520 tolerabilem.
713 3460 853 3528 Reddam,
874 3460 999 3536 inquam.
1041 3459 1098 3518 Ubi
1117 3477 1271 3534 accepero,
1301 3467 1355 3520 stn-

211 3566 263 3626 tim
283 3566 376 3639 abibo,
399 3573 429 3625 et
449 3574 529 3626 recta
553 3567 742 3638 argentinam
762 3566 820 3624 iter
840 3566 998 3637 instituam,
1020 3564 1288 3624 deinde‘Baeileam
1308 3570 1354 3624 ant

212 3671 399 3742 Solodurum,
420 3670 470 3728 ubi
490 3669 518 3728 d.
540 3670 692 3744 legatum⁴
711 3671 817 3743 poesim
837 3671 975 3729 invenire.
1017 3669 1193 3730 Commendo
1213 3686 1257 3728 me
1275 3683 1353 3726 reve-

211 3783 312 3836 renter
332 3775 444 3833 Vestra
464 3773 637 3833 celsitudini
664 3774 878 3833 illustrissimae.
919 3773 1009 3846 Pater
1034 3774 1161 3833 eoelestis
1185 3779 1288 3846 augeat
1315 3769 1353 3828 illi

777 3897 792 3930 *

279 3975 297 4114 d
314 3970 389 4114 lslbdr
406 3973 469 4114 {3}
483 4060 602 4116 Vidame
620 4061 655 4116 de
674 4061 822 4126 Chartres,
851 4061 934 4116 einen
954 4059 1005 4116 der
1022 4059 1244 4116 bedentendeten
1261 4057 1350 4112 ffihrer

208 4149 259 4203 der
277 4145 474 4217 Hagenotten,
498 4165 520 4201 e.
538 4149 593 4203 den
613 4148 686 4204 briet
704 4148 807 4219 herzog
825 4147 989 4218 Christophs
1014 4147 1044 4201 in
1062 4146 1241 4210 Kluchhohn,
1265 4140 1347 4198 briefe

208 4232 366 4289 Friedrioha
384 4233 432 4288 des
451 4233 597 4288 Frommen
616 4234 638 4299 I,
657 4235 717 4289 442.
754 4235 799 4288 Br.
818 4252 846 4289 ιι.
866 4236 925 4290 193.

279 4320 596 4462 {lstedrrlffieosiscnen
616 4409 773 4478 gesandten
791 4409 822 4464 in
842 4409 891 4464 der
909 4408 1033 4465 Schweia
1051 4426 1072 4464 s.
1092 4427 1120 4465 n.
1140 4408 1195 4464 191.
1214 4405 1265 4458 lot.
