2852 5076
77 395 137 452 1555
612 401 648 462 91

75 569 322 644 Fribargensibns,
353 572 451 644 itaque
479 573 590 627 armata
616 583 703 626 mauu
722 567 892 626 invaserunt
912 573 1000 642 atque
1020 569 1207 643 arripuerunt

73 675 120 732 sibi
139 678 228 732 totum
248 673 329 733 illum
350 674 517 733 comitatum
538 673 570 734 et
590 671 741 732 confestim
768 688 815 732 res
835 673 864 730 in
885 671 1067 732 concordiam
1087 673 1207 732 redacta

74 779 120 850 est,
140 795 201 837 uam
222 779 350 852 acceptis
364 778 464 837 decem
479 777 605 837 millibus
620 777 707 836 cessit
721 777 812 844 bonis,
834 782 865 836 et
875 775 982 836 domini
993 771 1035 836 illi
1045 777 1206 837 diviserunt

74 885 140 942 inter
158 899 198 942 se.
241 885 336 957 Quare
363 901 399 943 ea
425 887 534 958 portio,
563 901 626 958 qrrae
647 883 750 957 obtigit
770 879 973 953 Beruensibus,
993 883 1119 956 suscepit
1139 897 1205 940 con·

76 991 224 1047 rimatores
236 989 424 1062 evangelidos.
445 987 523 1046 Deus
533 989 702 1064 promoveat
717 989 803 1046 etiam
820 985 888 1046 alibi
904 986 1042 1044 terminos
1056 988 1137 1059 regni
1152 987 1205 1045 sui.

138 1089 242 1149 Adhuc
263 1091 336 1163 dego
357 1091 534 1164 Goeppingee,
556 1091 623 1164 quia
643 1089 732 1162 pestis
751 1089 936 1166 progreditur
949 1087 1098 1164 Tubingae.
1129 1089 1206 1162 Agat

74 1193 150 1252 Pater
166 1193 303 1266 eoelestis,
325 1195 404 1269 quod
423 1197 527 1254 bonurn
549 1203 593 1254 est
613 1195 642 1252 in
663 1195 753 1254 oculis
773 1197 841 1255 sois.

140 1297 248 1358 Scribit
267 1300 304 1358 ad
326 1315 371 1357 me
392 1299 580 1358 diobannes
593 1298 745 1358 Sieidanus
759 1300 777 1372 ¹,
800 1317 835 1359 ex
857 1299 939 1358 XXV
960 1299 1049 1372 libris,
1070 1300 1119 1375 qui
1140 1305 1207 1358 sunt

72 1403 98 1458 in
115 1420 163 1461 sua
184 1403 316 1476 historia,
334 1405 393 1481 jam
416 1420 479 1462 esse
500 1405 654 1478 impressos
671 1405 736 1476 XX,
758 1411 788 1464 51
808 1423 882 1464 1115
902 1405 1088 1480 magistratus
1108 1403 1205 1463 nescio

73 1507 139 1565 unde
158 1509 300 1582 impulsus
320 1511 437 1580 vetavit,
467 1527 503 1570 ne
531 1511 692 1583 evulgetur.
735 1511 804 1584 Quis
830 1509 952 1582 dubitet,
980 1510 1123 1570 Oaesarem
1152 1509 1207 1567 boe

74 1613 202 1671 curasse?
231 1613 299 1687 quia
319 1619 364 1672 est
384 1613 438 1671 sibi
459 1615 589 1672 conscius
610 1615 777 1688 nullumque
798 1615 935 1674 honorem
956 1620 1069 1688 sperat,
1097 1613 1121 1671 si
1142 1615 1206 1686 ejus

74 1731 113 1774 res
131 1723 221 1791 gestae
242 1719 271 1776 iu
292 1719 455 1777 Germaniae
482 1719 625 1792 legantur.
667 1719 828 1778 voluissem
855 1737 924 1792 ege,
952 1720 986 1778 11
1005 1719 1130 1778 Generae
1158 1719 1205 1778 uel

73 1819 133 1878 alibi
154 1824 285 1881 curasset
305 1822 417 1882 excudi.
458 1821 514 1881 Sed
544 1823 591 1882 bic
619 1824 704 1882 etiem
731 1841 787 1882 nou
814 1823 909 1884 deerit
928 1824 1082 1896 Dominum
1109 1821 1207 1898 agitur

72 1925 136 1982 enim
157 1925 194 1984 de
214 1925 304 1997 ipsius
324 1925 426 2000 gloria.

141 2031 200 2090 Oro
227 2046 292 2090 eum
320 2029 466 2105 quotidie,
496 2032 531 2089 11
559 2037 701 2105 perpetuo
729 2033 804 2091 adsit
832 2049 883 2090 suo
910 2032 1014 2106 spiritu
1035 2031 1205 2090 eelsitudini

71 2136 182 2204 Vestra,
203 2137 233 2194 iu
254 2152 312 2210 qua
331 2153 431 2195 omnes
449 2136 561 2210 piorum
583 2135 711 2196 ecclesie
731 2144 795 2210 post
810 2137 902 2196 Deum
924 2137 1117 2212 maximopere
1138 2151 1205 2194 con·

70 2238 160 2298 fidunt.
201 2241 377 2300 Commendo
397 2257 443 2299 me
464 2248 641 2300 reverenter.

138 2345 307 2419 Goeppingae
329 2345 376 2404 dic
396 2348 413 2405 3
436 2345 588 2406 Februarii
612 2347 696 2406 1555.

960 2449 1126 2524 Vergerius.

610 2757 658 2814 20.

366 2876 490 2966 Verger
513 2899 556 2942 uu
576 2877 695 2962 herzog
717 2875 898 2962 Christoph.

279 3030 281 3036 ι
394 2991 564 3064 depiugen
585 2993 612 3048 9.
633 2989 767 3049 Februar
789 2991 873 3047 1555.

136 3091 324 3148 Nucbrichtcu
345 3095 413 3148 iiber
432 3085 477 3146 die
496 3092 623 3162 seuduug
642 3093 690 3147 des
709 3091 1207 3148 5111111111151515111115111515111-

73 3170 325 3260 tagin‘Angsbnrffi
343 3190 409 3246 iiber
423 3190 468 3244 die
487 3189 625 3244 slaviscbe
644 3188 907 3259 bibeldberseianug
924 3189 982 3243 und
1000 3188 1092 3260 eiuige
1108 3188 1206 3244 schrif-

73 3279 115 3333 ten
132 3283 258 3354 Vergers,
280 3283 325 3338 die
343 3285 432 3355 lntiuig
449 3284 608 3340 Ferdiuand
626 3285 655 3338 iu
680 3283 725 3339 die
750 3284 841 3340 biiude
860 3284 976 3349 kameu5
1005 3285 1074 3340 iiber
1097 3284 1204 3340 feruere

74 3375 333 3436 scbmfteiellerische
352 3381 488 3436 arbeiten.

146 3476 341 3538 Illustrissime
372 3485 402 3538 et
430 3477 680 3540 Excellentissime
708 3475 847 3551 Princeps
877 3483 908 3536 et
930 3477 1052 3536 Domine
1082 3477 1205 3537 Domine

76 3575 296 3667 Gratiosissime!

139 3685 239 3746 Habeo
259 3685 367 3744 bonum
388 3685 489 3758 virum,
511 3686 559 3758 qui
579 3685 694 3744 litteras
707 3701 786 3744 meas
800 3683 979 3758 Augustam*
998 3683 1081 3755 ieret,
1104 3701 1205 3758 nempe

79 3783 208 3848 doctorem
229 3789 371 3848 Ebeomm
385 3791 498 3850 Vestrae
513 3789 684 3852 celsitudini
705 3787 995 3850 observantissimum.
1026 3791 1121 3862 Quare
1140 3807 1207 3863 pos-

81 3903 132 3948 sum
150 3897 212 3952 tuto
233 3895 361 3954 scribere
381 3894 507 3966 nonulla,
529 3899 593 3970 quae
612 3893 714 3954 babeo.
752 3895 832 3968 Papa
852 3899 882 3952 at
901 3894 1072 3966 cardinales,
1092 3895 1207 3968 postea-

81 4010 153 4065 quem
172 3997 307 4058 viderunt
327 3998 381 4058 sibi
402 3999 438 4057 ad
459 4004 527 4058 nota
546 4001 717 4058 successisse
744 3998 840 4057 emnia
868 3999 1015 4072 bucusque
1040 4000 1069 4057 in
1090 3998 1206 4072 Anglia,

78 4097 232 4162 ediecerant
251 4105 375 4162 animum
398 4103 435 4162 ad
451 4103 634 4164 Germaniam
648 4105 678 4162 iu
700 4119 837 4179 spemque
857 4109 1008 4176 venerunt,
1030 4119 1113 4177 posse
1133 4103 1207 4174 fieri,

625 4245 641 4278 ’it

139 4350 151 4403 1
189 4390 195 4405 .
247 4392 253 4406 .
293 4393 300 4406 .
354 4394 360 4408 .

138 4351 442 4512 2Ξ511113ηο1111115111
463 4460 521 4498 war
539 4441 594 4498 1511
611 4443 735 4498 Februar
753 4441 827 4498 belm
845 4441 989 4513 1515111113
1006 4443 1079 4498 duri.
