2830 5078
56 317 115 372 1559
582 329 641 389 195

52 492 126 548 uinis
144 491 248 563 mauu,
271 509 315 550 me
333 494 448 566 jndice,
476 511 568 566 neque
590 503 685 554 tamen
708 495 796 554 mirer
816 503 942 556 nostram
962 503 1183 574 cunctationem,

51 612 126 664 numu
147 602 175 652 ct
196 596 344 654 domestici
367 613 422 655 non
444 597 555 664 desint,
579 601 626 672 qui
649 615 720 671 opus
744 601 855 658 Domini
878 603 1050 677 impertiant,
1084 615 1113 665 et
1135 625 1183 665 ex-

50 699 116 754 terni
137 700 217 757 multi
240 702 298 757 sint
318 707 461 772 potentes,
484 703 531 774 qui
554 702 589 760 ab
611 703 726 776 incepto
749 704 898 764 deterrere
919 715 1074 782 conantur,
1101 711 1183 784 pauci

51 801 89 858 vel
108 801 176 858 nulli
196 803 301 875 potius,
324 806 372 876 qui
393 805 430 862 ad
451 813 598 864 strenuam
620 823 679 864 rcm
701 809 858 880 gerendam
879 811 1033 872 hortantur
1054 821 1083 874 et
1104 817 1185 874 insti-

50 911 116 975 gent.
147 906 215 978 Quis
236 924 333 966 rerum
355 911 450 968 exitus
471 907 585 969 iuturus
607 911 652 982 sit,
674 914 703 970 in
725 918 806 972 tenta
827 915 1003 987 negligentia
1022 926 1081 976 tarn
1102 919 1184 978 bonae

51 1011 194 1067 occasionis
215 1012 319 1070 timere
340 1013 418 1084 licet,
440 1015 560 1072 ominari
582 1033 638 1074 non
661 1017 741 1074 libet.

116 1114 366 1185 Optarim'regiuae
385 1125 489 1176 nostrae
512 1127 634 1177 inermem
656 1129 713 1178 tam
736 1122 825 1180 solide
848 1124 944 1182 divino
967 1128 1019 1184 niti
1039 1128 1183 1200 praesidio,

48 1226 73 1274 ct
90 1217 217 1274 homines
241 1235 333 1291 neque
355 1221 455 1280 tardos
476 1231 631 1294 operantes
661 1223 790 1300 (timeat)
813 1244 865 1284 rree
890 1231 1120 1300 praecedentibus
1140 1235 1182 1290 in·
1228 1291 1236 1308 ,

48 1331 116 1381 sture
142 1323 271 1391 sollicita
294 1326 340 1380 sit.
382 1327 520 1386 Dominus
548 1335 647 1387 noster
667 1329 752 1387 lesus
773 1329 904 1390 Christus
925 1335 1072 1394 eeclesiam
1100 1353 1180 1396 suam

47 1425 137 1482 liberet
157 1435 188 1484 et
208 1429 375 1486 conservet!
398 1430 446 1501 qui
468 1446 554 1500 qurrm
571 1433 608 1488 sit
621 1432 762 1501 sapientia
776 1433 870 1490 Patris
891 1451 924 1493 ac
946 1440 1082 1508 potentia,
1105 1441 1182 1498 solus

47 1539 70 1586 et
88 1533 161 1590 norit
183 1541 214 1590 et
236 1540 333 1605 potest
355 1534 459 1592 hostes
475 1551 542 1594 suos
562 1535 726 1608 profligare.

113 1636 189 1692 Bene
212 1639 278 1694 vale
300 1645 330 1695 et
350 1639 512 1698 antichristi
534 1641 680 1711 tyrannidi
701 1658 789 1714 perge
812 1643 957 1702 resistere.

112 1742 219 1799 llatum
242 1741 367 1800 Loudini
389 1747 406 1800 5
429 1744 526 1802 Martii
551 1747 633 1802 1559.

177 1846 257 1904 'l'uus
279 1848 309 1903 in
330 1847 452 1904 Domino
473 1846 565 1906 irater
585 1850 794 1922 amaritissimus
818 1852 957 1909 Antonius
980 1853 1103 1910 tloolrus.

587 2147 631 2200 74.

334 2263 457 2348 Verger
480 2285 522 2328 au
547 2263 667 2348 herzog
690 2263 877 2348 Christoph.

409 2391 561 2467 Tttbiugen
584 2397 600 2450 o
621 2393 702 2452 Mera
727 2397 810 2451 1559.

104 2502 291 2570 llberschiclst
303 2511 397 2578 bricia,
417 2513 521 2568 meldet
536 2513 599 2569 dass
612 2515 658 2570 dio
670 2515 801 2570 Zitrieher
817 2515 884 2570 liber
897 2515 972 2570 seina
985 2515 1180 2586 bemiihungen

49 2624 130 2678 regan
157 2612 208 2666 der
236 2611 377 2666 annahme
402 2609 451 2665 der
471 2611 637 2682 Augustanus
659 2610 689 2664 iu
709 2603 840 2680 England
866 2611 929 2665 sehr
953 2613 1066 2665 eraitrnt
1092 2610 1182 2676 seien;

49 2704 122 2760 bittst
139 2708 182 2761 mr
201 2707 289 2763 einen
307 2707 486 2777 gefaugencn
505 2705 700 2761 buchdrucker
717 2706 747 2760 in
766 2707 930 2778 Augsburg;
956 2707 1096 2762 beriehtet
1115 2707 1182 2762 iiber

51 2798 116 2855 eiucu
138 2803 167 2856 iu
186 2803 340 2873 Titbiugen
366 2801 546 2858 arslochenau
570 2801 655 2856 Peleu
674 2801 819 2857 Saletalrhi
843 2803 899 2856 und
927 2802 972 2856 die
992 2801 1123 2858 versuciis
1142 2803 1180 2856 du

49 2895 151 2967 Bellays,
170 2898 221 2952 ihu
240 2898 478 2968 sumpspstthum
491 2897 759 2968 aurfickuubringcn.

104 2993 210 3065 Herzog
231 2993 396 3064 christophe
416 2997 539 3050 antwort
556 3013 582 3049 n.
603 2997 643 3048 75.

112 3093 308 3151 illustrissime
329 3095 465 3168 Princeps
486 3101 516 3152 et
535 3095 658 3152 Domine
680 3095 801 3152 Domine
824 3095 1065 3152 Olemcrrtissimel

113 3197 156 3255 Ad
176 3199 294 3256 litteras
315 3197 426 3256 Vestrae
447 3197 650 3255 illustrissimae
673 3195 857 3254 celsitudinis
879 3195 936 3253 diei
957 3198 994 3252 25
1015 3194 1177 3262 Februarii.

50 3314 105 3367 quas
123 3309 293 3360 reverenter
314 3303 425 3374 accepi,
454 3301 533 3360 trullo
560 3317 696 3372 responso
716 3317 795 3375 opus
824 3307 877 3357 est.
919 3300 1118 3371 Exspectate,
1149 3308 1182 3358 ut

51 3398 193 3464 Clementia
212 3407 320 3477 Vestra
340 3406 458 3464 mandet
485 3405 554 3464 mihi
582 3404 618 3466 de
647 3406 751 3476 jngere
778 3403 923 3477 provideri
952 3420 1004 3476 pro
1034 3404 1182 3463 commodo

51 3505 210 3580 reipublicae3
231 3511 292 3582 jam
314 3511 415 3580 habeo,
436 3510 514 3583 quod
534 3511 670 3583 plantem.

112 3612 246 3672 Nicolaus
267 3631 285 3670 a
306 3613 484 3672 Warendorf
494 3614 515 3686 ¹,
537 3613 713 3673 serenissimi
734 3613 880 3671 Bchemiae
910 3612 986 3684 regis
1010 3615 1039 3670 in
1061 3613 1182 3670 comitiis

52 3711 153 3784 legatus,
173 3717 252 3776 misit
273 3719 310 3775 ad
330 3734 375 3776 mc
402 3719 468 3789 has,
502 3735 573 3791 quas
594 3720 676 3776 mitto
703 3719 832 3788 litteras,
863 3719 973 3776 Vestrae
995 3716 1182 3775 Celsitudiuis

52 3821 140 3877 nomini
157 3823 326 3894 inscriptae,
355 3838 425 3893 quas
452 3825 493 3881 ait
521 3821 745 3881 anhausero²
772 3823 809 3880 ud
837 3840 868 3880 se
898 3825 1005 3880 missas,
1048 3820 1183 3894 Suspicor

54 3933 98 3993 aas,
117 3942 176 3998 quae
195 3935 263 3986 sunt
283 3927 411 3999 inclusae,
433 3928 470 3986 ad
490 3944 535 3985 me
555 3928 719 4000 pertinere,
742 3930 792 3985 sert
813 3944 877 3986 curn
898 3941 955 3985 non
977 3927 1091 3983 licuerit
1112 3925 1180 3983 mihi

110 4173 274 4232 lNikolaus
287 4175 465 4231 Wernsdorff
477 4191 536 4229 war
548 4175 738 4230 Maxiuuiliaus
757 4173 908 4242 gesandter
927 4173 978 4228 sul
995 4173 1057 4225 dem
1078 4171 1181 4224 reiche-

55 4255 94 4324 Μ
108 4259 135 4312 in
152 4263 308 4334 Augsburg.
346 4262 371 4316 S,
392 4263 495 4316 Lebret
513 4261 560 4324 IX,
582 4263 638 4315 154.

110 4344 203 4416 tvgl.
223 4367 249 4404 u.
269 4349 301 4403 61
311 4367 336 4402 a.

918 4440 971 4496 13*
