2862 5080
608 623 672 680 177.

362 751 486 838 Verger
509 775 551 818 an
573 753 691 839 herzog
715 753 900 838 christoph.

422 875 572 948 Tdbingen
594 877 631 934 31
653 875 734 934 Mdrz
758 877 841 934 1563.

137 957 325 1042 llachrichten
344 985 512 1049 casselen,
532 981 678 1049 Russland,
699 984 840 1049 Preullan3
866 989 952 1039 etwas
972 1002 1026 1040 von
1046 983 1208 1048 Scalichius‚

81 1079 133 1133 dem
152 1081 274 1136 cardinal
293 1099 347 1136 von
366 1081 559 1166 Mantuaund
578 1081 640 1135 dem
661 1097 713 1135 von
735 1081 916 1151 Lothringen.

143 1178 336 1238 illustrissime
357 1178 496 1251 Princeps
517 1185 547 1238 et
569 1178 690 1238 Domine
711 1181 834 1238 Domine
856 1179 1100 1238 clementissime!

142 1282 209 1342 Corn
229 1285 381 1343 advenerit
402 1283 566 1343 exPrussia
586 1283 755 1344 tabellarius
774 1283 907 1358 feratque
928 1284 964 1343 ad
977 1283 1109 1342 Vestram
1119 1281 1210 1343 (lelsi-

74 1385 190 1444 tudinem
201 1381 324 1460 litteras,
347 1395 504 1462 conpote,
526 1405 643 1447 necesse
665 1405 738 1460 csse,
760 1388 818 1447 ulla
835 1405 909 1447 nova
924 1388 1120 1458 conscribere;
1141 1389 1210 1461 qaid

73 1489 138 1548 enim
157 1508 212 1550 uon
232 1493 370 1552 scribitur
389 1493 426 1552 ad
446 1491 545 1552 illam?
578 1493 675 1553 Pauca
689 1500 785 1552 tamen
802 1499 889 1567 atque
910 1509 946 1552 ea
966 1495 1112 1567 praecipua
1132 1509 1209 1566 qua-

52 1594 128 1652 ¹dam
147 1598 294 1670 attingam.
334 1581 338 1588 ⁸

140 1701 225 1760 Dicta
245 1701 385 1760 Polonica
406 1701 534 1760 nondum
555 1709 619 1761 erat
639 1703 781 1774 absoluta,
803 1702 855 1761 sed
875 1703 1014 1762 hactenus
1035 1701 1130 1776 magni
1150 1719 1210 1762 mo·

72 1805 152 1861 menti
176 1795 323 1879 negotium
350 1803 544 1878 perfecerunt.
593 1805 663 1866 Com
694 1807 771 1866 enim
799 1807 827 1866 d.
852 1805 955 1866 Poloni
981 1807 1060 1866 soliti
1088 1805 1210 1868 fuissent
1286 1829 1292 1852 a

71 1912 182 1978 quatuor
202 1915 233 1968 et
254 1910 379 1983 quinque
401 1913 597 1982 capitancatus
626 1911 686 1969 sive
717 1908 904 1982 praelectores
930 1911 1036 1983 singuli
1058 1927 1206 1986 usurpare,

73 2028 138 2071 nunc
158 2013 307 2074 decretum
328 2021 381 2086 est,
403 2017 436 2072 ut
455 2014 561 2088 singuli
582 2015 667 2074 unica
686 2015 745 2074 sint
765 2015 902 2074 contenti.

138 2117 308 2178 Moscovitae
328 2119 365 2177 ad
388 2120 463 2176 100m
486 2119 658 2192 etamplius
686 2119 833 2178 ciuitatem
862 2120 891 2176 iu
912 2118 1048 2178 Lituania
1068 2117 1210 2190 obsident,

69 2223 109 2278 coi
128 2239 229 2282 nomen
251 2229 297 2282 est
310 2209 468 2296 Plozosclri,
491 2240 555 2298 qnae
577 2226 615 2280 40
635 2223 795 2282 miliaribus
811 2223 894 2282 Vilna
908 2225 999 2284 abest.
1031 2224 1126 2296 Quare
1137 2224 1210 2295 jussi

69 2333 127 2384 sont
143 2329 275 2400 Juniores
296 2334 326 2385 et
347 2327 475 2386 seniores
496 2328 613 2386 Lituaui
634 2329 663 2386 in
685 2328 792 2386 bellum
806 2329 905 2399 abire,
935 2335 1022 2402 atque
1053 2344 1111 2386 una
1131 2328 1209 2401 pala·

69 2431 137 2490 tinus
157 2432 303 2491 Vilncnsis
317 2431 335 2489 ¹.
377 2431 530 2491 Affirmant
551 2435 635 2505 enim,
657 2449 796 2492 summum
820 2449 882 2491 esse
903 2433 1072 2507 periculum,
1096 2451 1132 2492 ne
1152 2433 1209 2507 ipsi

68 2535 227 2596 Moscovitae
247 2538 362 2596 irruant
383 2538 515 2596 ulterius·
543 2537 695 2597 Discordia
715 2545 760 2597 est
780 2541 857 2596 inter
872 2538 1011 2597 Lituanos
1032 2544 1061 2596 et
1075 2538 1209 2598 Polouos.

137 2642 352 2702 Illastrissimus
366 2642 492 2700 Pressiae
512 2643 646 2716 princeps
667 2643 847 2702 commendat
867 2642 937 2700 milri
958 2645 1063 2702 iterum
1078 2643 1118 2700 M.
1130 2643 1210 2702 Wei-

68 2745 164 2816 gelium
178 2746 197 2805 ².
241 2746 300 2806 Sed
328 2747 444 2806 aliunde
465 2747 534 2805 mihi
554 2746 745 2820 significatur,
775 2739 857 2807 ill'urn
882 2747 929 2806 vix
949 2748 1131 2820 Regiomonti
1161 2765 1209 2806 ex·

67 2849 233 2924 cipiendum.

136 2957 169 3014 ln
195 2957 293 3016 animo
314 2956 406 3016 habeo
423 2960 529 3032 pascha
552 2959 724 3018 manducare
740 2977 804 3018 cum
824 2959 1008 3018 Ilustrissima
1028 2955 1207 3017 Celsitudine

65 3058 163 3120 Vestra
185 3061 224 3136 (si
246 3063 326 3120 Deus
347 3063 497 3140 volucrit).
539 3064 604 3122 Non
625 3082 716 3137 pauca
737 3065 812 3123 euim
840 3063 950 3135 haben,
978 3079 1041 3136 quac
1069 3079 1133 3122 cum
1160 3062 1212 3120 illa

67 3163 217 3224 conferam.
250 3165 322 3224 Nam
344 3167 403 3236 ille,
425 3167 474 3238 qui
494 3183 526 3225 se
540 3181 638 3238 regem
652 3165 730 3238 iacit,
752 3165 932 3226 Scalichius³
953 3165 1090 3224 maximas
1110 3164 1210 3224 turbas

65 3275 164 3329 mouet.
208 3270 441 3344 Comparuerunt
462 3287 557 3330 coram
577 3271 772 3330 illustrissimo
792 3271 922 3344 principe
948 3269 985 3328 ad
1006 3271 1214 3343 quinquaginta

65 3373 181 3446 nobiles,
203 3377 254 3449 qni
276 3374 449 3435 Scaliolrium
469 3385 647 3448 accusarunt,
669 3377 718 3450 qui
738 3393 768 3434 se
791 3374 879 3434 faciat
899 3391 979 3447 eum,
1011 3375 1060 3448 qui
1080 3391 1137 3432 non
1159 3381 1212 3446 est,

64 3479 208 3551 comitem,
237 3477 375 3539 baronem
396 3488 426 3538 et
449 3480 571 3539 Verona
591 3483 750 3554 dominum,
779 3481 937 3554 auditaque
957 3476 1011 3537 fuit
1031 3496 1133 3550 causa,
1161 3479 1213 3537 sed

64 3583 185 3642 nondum
207 3583 349 3643 absolute.
381 3584 500 3644 Interim
520 3586 570 3643 ille
591 3591 692 3644 contra
713 3585 841 3644 dominos
854 3583 1122 3642 Venetoslibellum
1144 3584 1213 3642 emi-

63 3686 113 3754 sit,
144 3688 353 3762 insimulatque
381 3690 561 3749 crudelitatis
583 3697 612 3747 ct
633 3691 804 3762 tyrannidis.
850 3690 911 3748 Noa
937 3687 1055 3752 interim
1082 3686 1213 3760 pepercit

63 3792 136 3862 mihi,
158 3793 255 3852 edidit
277 3795 351 3852 enim
373 3795 477 3854 librum
499 3799 600 3854 contra
620 3810 665 3852 me
687 3810 812 3868 quoque,
836 3810 892 3852 non
913 3798 1087 3867 provocatus
1107 3797 1213 3851 tamem

63 3894 124 3954 Non
145 3897 261 3970 dubito,
284 3900 352 3971 quin
373 3897 573 3956 illustrissima
594 3897 744 3956 celsitudo
759 3897 865 3956 Vestra
884 3896 922 3954 sit
941 3896 1211 3968 mihiconccssura,

62 3999 89 4056 id
109 4001 187 4074 quod
209 4003 341 4090 Deuaet
368 4007 472 4062 natura
501 4002 649 4074 concedit,
681 4003 736 4061 hoc
763 4008 807 4060 est
828 3999 1025 4061 defensionem
1046 3999 1212 4058 modestam.

632 4143 647 4174 a

131 4244 143 4295 1
165 4228 194 4298 s.
215 4260 243 4297 n.
263 4245 305 4308 re.

128 4329 144 4380 a
164 4329 193 4383 s.
213 4347 242 4382 n.
263 4333 322 4385 rso.

127 4417 143 4468 a
163 4417 191 4469 s.
211 4434 239 4469 n.
259 4418 301 4470 er.
325 4418 407 4474 raas..
