2862 5080
94 365 162 422 ¹5⁶3
635 371 695 434 393

90 542 253 602 domanam
273 541 417 614 euangelii
437 540 602 601 restitutam
624 540 724 600 volunt
744 557 780 600 ex
797 537 935 610 tenebris,
957 557 993 600 ex
1013 541 1116 617 quibus
1135 543 1240 602 misere

88 645 272 717 vorsabatur,
292 645 402 719 primns
423 662 454 705 es
476 647 591 706 omnino
612 645 667 704 isto
688 645 716 704 in
738 647 895 706 certamine
915 646 1121 708 laudatissimo.
1160 647 1241 706 Deus

88 757 121 811 te
142 749 342 810 conservatio
364 751 416 810 tali
436 751 570 825 primatu.
611 743 724 809 Deinde
743 749 820 823 quod
841 755 929 810 tanta
949 756 1007 810 tuu
1027 751 1126 810 virtuti
1148 756 1178 810 et
1197 748 1239 810 ie-

87 855 196 915 lioitati
217 859 329 914 tantum
351 853 488 926 debeam,
519 859 657 928 quantum
678 859 742 928 post
762 853 879 914 Patrem
898 870 993 914 meum
1017 855 1164 916 coelestem
1189 873 1240 917 ne·

84 960 169 1018 mini.
211 959 318 1033 Accipe
338 959 442 1034 igitur,
464 959 603 1033 Princeps
624 957 754 1031 Optime,
777 973 840 1031 qua
861 957 914 1018 tibi
935 958 1068 1018 dicentur
1088 977 1106 1019 a
1125 960 1168 1019 tui
1189 976 1240 1018 no·

86 1064 177 1124 minis
197 1063 405 1124 studiosissimo
428 1065 527 1136 etqui
548 1069 613 1122 orat
631 1068 772 1136 perpetuo
793 1061 911 1122 Patrem
937 1064 1100 1135 coetestem,
1128 1069 1161 1123 ut
1185 1063 1241 1127 tibi

85 1173 199 1241 augeat
219 1173 396 1228 crescentem
417 1167 545 1242 quotidie
567 1165 653 1226 fidem
673 1172 703 1225 et
717 1165 847 1241 spiritum
862 1182 915 1239 per
933 1166 1078 1228 Christum
1096 1165 1241 1226 dominnm

86 1278 232 1332 nostrum.
695 1259 699 1268 ’
974 1271 977 1275 ’

177 1378 248 1451 Qum
269 1379 299 1436 in
318 1378 372 1436 hoe
392 1377 484 1449 primo
505 1382 583 1436 tomo
603 1374 895 1448 comprehenduntur,
915 1375 979 1436 heac
999 1381 1078 1435 sunt:

171 1482 326 1541 Secretarii
346 1479 486 1554 pontificii
506 1480 633 1540 actiones
654 1487 723 1540 tres.

141 1607 143 1614 ’
172 1585 328 1646 Consilium
350 1585 386 1645 ds
406 1585 581 1646 stabilienda
601 1586 724 1645 ecclesia
744 1585 882 1646 Romarm

171 1691 303 1765 Epistoia
323 1691 360 1750 ud
380 1691 595 1752 serenissimum
615 1690 746 1750 Polonise
765 1705 873 1764 regom.

172 1795 288 1870 Dialogi
309 1800 436 1870 quatuor
455 1801 557 1856 contra
577 1795 685 1856 Osium.

171 1899 384 1960 Annotutiones
404 1901 433 1958 in
455 1899 616 1974 catalogum
636 1900 837 1960 haereticorum
856 1899 956 1959 Roma
976 1895 1139 1958 conflatum.

170 2004 216 2066 De
237 2004 314 2064 idoio
335 2004 510 2064 Lauretano.

170 2109 236 2169 Etc.
250 2108 260 2141 ¹

163 2239 301 2308 Dagegen
319 2237 357 2292 ist
375 2255 429 2293 von
447 2238 497 2293 des
516 2235 631 2308 heruogs
652 2236 729 2292 hand
747 2234 847 2291 hiuten
865 2231 1111 2307 anigeaehriebeu:

162 2325 257 2396 Magis
275 2325 402 2396 expedit.
427 2323 576 2394 epistolam
593 2323 631 2380 ad
649 2323 798 2388 lectorem,
826 2341 911 2394 quom
929 2321 966 2376 ad
984 2337 1028 2377 me
1047 2320 1186 2392 dirigere,
1211 2323 1241 2377 et

83 2411 167 2483 quod
186 2410 251 2482 pius
269 2411 356 2467 lector
380 2410 467 2466 fideat
491 2412 521 2464 et
545 2409 715 2480 perpendat,
740 2409 892 2480 quiritatu
918 2408 1070 2465 christiana
1093 2407 1241 2480 posteritas

84 2500 122 2556 de
142 2499 207 2569 ipso
225 2500 335 2568 papatu
352 2497 464 2554 sentiat.

622 2763 678 2819 186
688 2777 714 2819 u.

397 2893 524 2980 Herzog
548 2891 723 2977 Christoph
746 2915 788 2958 an
812 2892 945 2979 Verger.

434 3031 601 3092 Znieialten
623 3036 659 3092 17
680 3033 793 3106 August
816 3033 900 3093 1563.

164 3151 244 3218 iiber
262 3164 344 3218 einen
363 3163 486 3228 Anubem,
505 3163 558 3218 den
577 3162 685 3234 Verger
704 3173 740 3218 un
761 3165 814 3219 den
832 3162 883 3218 hof
899 3161 1017 3234 bringam
1036 3163 1114 3218 solie.

165 3261 295 3314 Aniwert
314 3259 366 3314 aui
380 3260 461 3315 einen
481 3259 664 3330 tverlorenen)
683 3259 760 3314 brief
776 3259 903 3330 Vergers.

172 3374 312 3434 Salutem.
343 3374 514 3436 Reverendo
536 3375 617 3435 uobis
638 3375 747 3435 dilecte
768 3391 802 3434 uc
821 3372 928 3433 fidelis!

172 3479 301 3539 Litteras
322 3487 433 3539 vestras
449 3479 560 3540 decimo
574 3481 673 3554 quinto
687 3480 811 3553 Augusti
827 3480 909 3538 datas
923 3478 1084 3554 accepimus
1098 3495 1134 3538 ex
1149 3478 1242 3553 iisque

84 3586 178 3661 pueri
201 3583 296 3658 quarti
317 3601 374 3642 una
395 3601 457 3644 cum
478 3590 598 3658 parente
620 3600 680 3652 suo,
702 3583 809 3658 dequo
830 3583 1003 3642 mentionem
1024 3583 1106 3642 nobis
1126 3581 1244 3655 fecistis,

84 3692 251 3752 adventum
270 3688 474 3748 intelleximus.
515 3687 660 3746 Curubitis
681 3705 760 3761 ergo,
782 3694 814 3747 nt
834 3705 893 3746 una
913 3687 1109 3759 Stntgardiam
1129 3692 1243 3761 petant;

82 3798 130 3856 ibi
153 3792 374 3854 examinationis
394 3791 488 3865 gratia
517 3794 688 3852 visitationis
709 3793 891 3852 consiliarios
911 3809 984 3866 puer
1004 3792 1103 3859 adeat,
1131 3791 1198 3858 ubi,
1219 3793 1244 3850 si

84 3901 222 3963 viderint
239 3899 323 3958 bona
349 3897 454 3957 indolis
481 3899 574 3972 ipsum
603 3915 665 3958 esse
693 3907 779 3974 atque
799 3897 828 3956 in
850 3898 956 3957 litteris
983 3897 1123 3972 proficere
1149 3911 1243 3970 posse,

83 4007 243 4081 jussimus,
272 4009 305 4062 ut
330 4003 407 4060 idom
435 4003 476 4073 ei,
504 4003 580 4076 quod
608 4004 713 4062 ceteris
734 4003 844 4074 tribus,
872 4001 1046 4075 stipendium
1066 4007 1243 4060 numeretur.

85 4111 164 4170 Haec
189 4123 240 4167 vos
267 4107 359 4166 latere
386 4107 537 4165 noluimus.
578 4107 682 4167 Valete
704 4105 834 4165 Zwiialdi
859 4110 894 4165 17
915 4106 1038 4179 Augusti
1058 4121 1134 4164 anno
1158 4105 1264 4182 1563„

659 4231 674 4263 *

164 4326 179 4381 1
200 4319 283 4380 steine
302 4324 352 4378 das
369 4322 541 4380 veraeiohnis
558 4323 734 4395 vollstcndig
751 4323 792 4379 br.
811 4341 838 4379 n.
858 4323 907 4379 166
915 4341 941 4378 a.
