2830 5078
74 339 128 392 15⁶0
584 343 646 402 ‘235

69 513 236 582 dexteritate,
258 511 326 585 quid
347 511 450 569 iubae
471 525 558 568 cansa
578 509 722 582 egeredum
742 510 796 581 sit,
818 515 1045 586 perspectorem.
1086 509 1192 569 Datum

68 624 111 675 otc.
130 601 300 676 Maulbronee
320 618 338 674 3
359 613 430 674 Julii
450 630 526 674 anno
548 619 602 674 etc.
624 613 687 672 Lx,

201 720 418 792 Postscriptum.

129 825 285 898 Antequam
307 823 529 896 obsignarentur
550 823 663 893 littera,
685 823 847 896 accepimus
868 823 940 882 alias
960 841 977 882 a
997 829 1026 882 te
1048 821 1192 898 proiectas

65 933 88 985 et
104 927 155 986 dno
174 935 273 1000 erant,
294 945 358 1002 qum
380 930 565 1002 responsione
586 927 674 1002 digna
693 927 893 1001 jndicarimas.
921 928 1017 988 Primo
1037 927 1191 1002 probamus

66 1038 127 1090 tuum
146 1032 272 1092 laborem
294 1040 394 1091 contra
414 1031 578 1090 Molinaanm
600 1038 777 1103 susceptum,
798 1031 954 1092 admonere
974 1037 1071 1091 umen
1091 1039 1120 1090 te
1141 1049 1190 1092 ro·

66 1136 158 1209 luimus,
179 1135 288 1196 frustra
307 1137 505 1196 laboraturum
526 1143 565 1207 te,
587 1136 640 1194 nisi
661 1137 741 1210 prins
757 1141 863 1196 statum
874 1138 964 1195 totins
978 1153 1071 1195 causae
1087 1153 1191 1212 cogno·
1209 1115 1213 1123 ¹

63 1243 137 1313 rems,
165 1248 195 1301 et
217 1242 252 1299 de
279 1240 421 1300 anteactis
447 1238 617 1299 informatus
647 1237 747 1299 sacris.
788 1241 944 1315 Postquam
970 1247 1067 1301 autern
1097 1242 1193 1300 omnia

62 1343 154 1404 inerint
172 1353 310 1419 congesta
331 1352 361 1404 et
381 1345 410 1404 in
439 1345 568 1404 ordinem
600 1345 734 1417 redacta,
764 1345 1033 1404 communicabimus
1052 1345 1121 1412 tibi,
1148 1347 1192 1404 in·

60 1454 129 1507 terea
147 1450 390 1524 progrediendum
411 1466 468 1508 nou
490 1449 558 1518 erit,
581 1450 634 1508 nisi
655 1464 772 1524 operam
793 1449 916 1524 perdere
937 1449 1017 1508 veiis.
1059 1448 1191 1509 Secundo

62 1569 124 1624 aegre
145 1554 261 1614 tammus
282 1556 359 1612 inter
380 1553 550 1612 Scalicirium
571 1561 602 1612 et
624 1551 796 1626 Gangolinm
822 1555 889 1613 lites
909 1561 940 1613 ct
960 1555 1122 1614 simultates
1142 1571 1190 1613 ex·

61 1663 143 1727 ortas,
174 1666 206 1717 et
234 1661 349 1718 omnino
375 1659 503 1718 subiatas
531 1660 668 1717 uolumus.
710 1657 845 1718 Ceterum
877 1659 1008 1718 nolumus
1028 1659 1190 1718 eausamin

58 1778 99 1820 nos
131 1766 225 1838 rejici,
253 1781 316 1824 cnm
342 1764 406 1822 aliis
426 1765 550 1838 negotiis
571 1763 703 1836 occupati
731 1771 761 1822 et
782 1763 911 1822 distracti
931 1765 1029 1822 simne.
1070 1763 1127 1824 Sed
1147 1780 1192 1822 se·

59 1871 131 1926 natns
149 1870 256 1927 sehoiae
277 1869 347 1940 erit,
375 1871 561 1948 autoritatem
582 1883 662 1928 suam
682 1869 869 1944 interponere
890 1874 920 1926 et
940 1868 1044 1926 toliere
1064 1868 1191 1928 dissidia.

57 1970 204 2033 Pertinebit
224 1979 320 2034 antem
342 1973 377 2031 ad
400 1979 429 2032 te
450 1973 578 2047 aliosque
600 1973 688 2032 bonos
709 1973 793 2041 viros,
820 1989 935 2032 causata
952 1974 1056 2044 juvare
1085 1980 1114 2030 et
1139 1989 1192 2031 aaa

56 2091 131 2146 opera
150 2095 209 2136 non
231 2078 342 2136 deesse.

120 2182 227 2241 Datum
250 2187 282 2240 nt
301 2180 330 2238 in
352 2180 459 2240 litteris
480 2187 534 2239 etc.

592 2462 638 2518 96.
701 2505 716 2522 .

345 2591 469 2678 Verger
492 2613 532 2655 an
555 2591 674 2678 herzog
697 2590 884 2676 Obrisboph.

422 2721 572 2793 'itihingen
593 2724 611 2778 8
631 2721 692 2780 Juii
717 2724 799 2782 1560.

112 2830 189 2897 ‘Uber
208 2841 366 2906 Molinoeus,
395 2842 440 2898 die
465 2841 610 2912 poiniseha
635 2841 853 2913 angeiegenheit
879 2843 936 2896 und
963 2843 1016 2897 den
1041 2842 1123 2898 sireit
1141 2843 1189 2898 des

54 2933 203 3002 Scaiiehins,
223 2939 308 2993 sowie
328 2939 397 2993 tiber
417 2941 493 2993 aeine
512 2939 611 3007 eigana
631 2939 785 2994 kranirheit
805 2939 863 2993 und
881 2939 976 2994 seinen
996 2928 1086 2994 ineffen
1105 2938 1190 2994 deiro-

54 3028 94 3085 bns
109 3033 267 3104 Vergerius.
287 3053 290 3056 ·
323 3059 326 3064 ·

114 3132 243 3186 untwort
262 3131 313 3186 auf
329 3149 353 3186 u.
373 3133 414 3186 95.

120 3229 315 3288 illustrissime
335 3231 473 3304 Princeps
494 3238 523 3290 et
543 3231 665 3291 Domine
688 3233 809 3290 Domine
831 3232 1074 3292 clementissime!

123 3333 192 3392 (ium
213 3334 276 3394 heri
297 3337 470 3408 accepissem
496 3336 683 3395 Oeisitndinis
707 3339 819 3396 Vestrae
840 3335 966 3410 litteras,
999 3336 1081 3396 datas
1103 3335 1150 3394 die
1171 3338 1189 3394 3

52 3432 129 3506 hujus
149 3438 254 3496 mensis
266 3438 440 3512 Maulbroni,
462 3441 676 3513 constitueram,
699 3442 820 3499 eandem
837 3441 1045 3502 celsitudinem
1056 3441 1189 3499 Vestram

52 3536 266 3600 illustrissimam
287 3543 426 3602 accedere
448 3544 494 3602 die
516 3545 658 3617 crastina3
680 3545 732 3604 sed
753 3563 819 3606 ecce
840 3547 926 3606 incidi
948 3547 1033 3604 bodie
1054 3545 1120 3622 (per
1140 3562 1189 3603 vo·

51 3640 265 3723 inritatam-Dei)
287 3649 316 3704 in
334 3648 543 3722 aegritudinem,
566 3656 772 3725 quamlmetua
794 3668 831 3709 ne
852 3649 922 3708 mibi
943 3649 1042 3708 tntum
1062 3651 1100 3708 sit
1120 3652 1190 3708 satis

52 3747 174 3820 molestn3
196 3753 264 3810 dedi
283 3760 381 3810 autem
402 3754 567 3812 mandatum
588 3757 686 3826 nepoti
707 3771 780 3827 meo,
803 3757 852 3830 qui
873 3755 979 3814 scribat
999 3756 1070 3812 meis
1085 3754 1189 3814 verbis.

51 3848 169 3912 Primum
190 3856 266 3930 quod
286 3858 323 3915 ad
340 3859 488 3930 epistolam
506 3875 596 3917 rnreem
614 3857 853 3919 auotorinaenm¹
872 3862 987 3928 attinet,
1008 3860 1100 3930 mitto,
1122 3859 1190 3918 licet

52 3952 121 4014 hanc
138 3974 188 4032 ego
209 3961 354 4034 appellem
365 3963 485 4034 primam
501 3964 590 4022 reinti
606 3963 760 4035 imaginem
771 3964 945 4023 delineatam
966 3965 995 4022 in
1015 3963 1143 4037 parieta3
1165 3962 1190 4020 si

54 4058 134 4128 plura
151 4069 234 4122 erant
251 4064 393 4136 addenda,
414 4072 446 4124 nt
458 4066 550 4136 video,
565 4067 696 4126 Vestram
710 4068 916 4127 celsitudinem
927 4068 1035 4126 habere
1046 4069 1074 4125 in
1086 4067 1189 4134 animo,

52 4177 107 4221 non
126 4167 261 4226 recusabo
288 4167 326 4243 (si
346 4171 429 4228 ruodo
451 4171 520 4244 quid
541 4171 655 4248 potero)
684 4172 828 4246 laborem3
856 4172 940 4232 facile
970 4175 1045 4232 enim
1075 4187 1189 4244 possum

608 4295 623 4328 *

122 4383 133 4434 l
151 4382 176 4438 S.
194 4383 235 4440 br.
253 4399 281 4438 tr.
299 4385 341 4440 94.
359 4385 401 4442 95.
