2862 5080
76 338 139 394 1562
606 343 666 406 363

74 529 150 586 quam
176 513 275 572 nullibi
304 513 387 583 attigi
416 513 553 570 articulos
583 519 799 582 controversos,
833 512 906 585 quod
929 530 978 572 eos
1000 513 1110 572 videam
1134 521 1163 571 et
1184 511 1210 573 d.

72 621 213 679 Breutium
237 627 267 678 et
288 619 414 700 reliquos
435 627 574 678 tractasse
597 637 648 694 pro
670 621 826 692 dignitate,
858 619 908 676 sed
930 624 1040 677 tantum
1064 636 1097 675 ea
1118 617 1210 691 attigi,

72 741 129 798 quae
148 723 260 784 faciunt
281 723 316 782 ad
339 723 565 782 destructionum
586 730 718 794 popalus,
739 737 791 794 pro
814 737 878 778 meo
898 720 982 778 virili.

142 828 186 886 lle
214 827 359 899 nepote¹,
392 825 416 881 is
444 823 550 896 indict,
583 825 721 898 quidquid
748 825 867 898 jusserit
891 825 994 882 Vestra
1014 823 1211 884 illustrissima

72 931 221 999 celsitudo,
244 939 274 988 et
294 931 408 989 interca
422 930 490 988 dum
504 931 554 988 ille
567 928 786 988 Fronefordiam
809 928 1015 1002 proticIscetur,
1037 929 1160 990 haerebit
1181 933 1209 990 in

69 1037 121 1094 snis
140 1035 260 1104 studiis,
288 1034 469 1107 prolecturus
489 1041 605 1108 postea,
635 1052 813 1108 quocumque
841 1036 890 1094 illa
911 1035 1076 1108 dignabitur
1093 1035 1208 1108 jubere,

70 1138 303 1211 quemadmodum
324 1146 439 1212 egomet
460 1146 614 1212 quoquam
645 1140 759 1198 interea
788 1157 851 1198 cum
881 1139 1000 1212 dignata
1020 1141 1057 1198 sit
1078 1141 1120 1198 illi
1142 1159 1208 1200 ceu·

69 1249 122 1300 turn
142 1241 268 1301 florenos
288 1244 316 1300 in
339 1259 413 1300 ennio
436 1243 626 1311 constituere,
656 1244 731 1315 quod
754 1243 924 1303 factumest
947 1245 994 1303 die
1017 1245 1116 1303 XXIII
1136 1264 1209 1319 prce-

69 1348 142 1406 teriti
164 1349 271 1406 mensis
293 1347 361 1405 Iulii
392 1347 419 1404 in
451 1347 623 1414 vernatione,
654 1353 685 1405 ut
708 1347 878 1406 Wilhelmus
900 1348 1032 1408 Carietes
1053 1367 1105 1408 sua
1125 1367 1210 1409 manu

68 1452 219 1522 annotavit,
241 1449 407 1523 dignabitur
427 1451 526 1510 eadem
549 1451 699 1510 Celsiludo
720 1453 825 1510 Vestro
845 1453 1042 1512 illustrissima
1063 1455 1210 1526 mandare,

69 1563 97 1614 ut
115 1555 157 1616 illi
178 1556 290 1630 aliquid
312 1563 488 1630 numeretur,
511 1558 586 1616 unde
608 1575 638 1616 se
661 1564 748 1630 queat
768 1563 932 1618 sustentare
943 1563 962 1617 ⁰.

142 1659 212 1719 (lum
234 1662 297 1719 haec
319 1661 374 1720 dno
396 1663 512 1735 negotia
532 1664 743 1736 proposuissem
764 1663 792 1720 in
811 1650 995 1734 Schambacll,
1017 1664 1212 1724 illustrissima

79 1763 222 1824 Gelsitudc
244 1766 348 1825 Vestra
376 1765 535 1825 elementer
561 1766 730 1838 respondit,
761 1782 791 1824 se
820 1766 981 1826 babdutam
1007 1766 1035 1824 in
1065 1767 1210 1838 memoria,

71 1875 125 1926 lum
145 1870 202 1928 ista
223 1869 290 1939 duc,
313 1876 372 1928 lum
394 1870 520 1938 tertium,
543 1885 663 1941 cumque
685 1870 897 1943 respondissem
918 1885 980 1942 ego,
1002 1887 1047 1928 me
1069 1869 1126 1930 dno
1147 1879 1210 1930 tau-

68 1980 120 2030 tum
141 1974 248 2047 petiise
270 1981 355 2048 atque
371 1981 523 2032 annotasse
539 1975 568 2032 in
585 1974 752 2042 memoriali,
773 1973 823 2032 illa
835 1973 953 2047 dignata
967 1982 1012 2040 est
1025 1975 1209 2048 subjungere,

68 2093 123 2134 esse
154 2079 275 2136 tertium
307 2077 469 2151 negotium,
501 2085 534 2136 ut
561 2077 670 2136 scilicet
696 2079 732 2138 sit
758 2093 866 2136 ntemor
887 2078 1156 2150 agritudinismeee
1178 2085 1208 2138 et

65 2181 247 2248 thermarum,
269 2182 297 2239 io
320 2181 422 2255 quibus
444 2180 555 2252 luerim,
578 2187 609 2240 el
630 2187 802 2254 sumptuum.
845 2181 1040 2241 illustrissime
1061 2182 1208 2254 Princeps,

66 2303 116 2344 non
136 2285 265 2349 iacerem
286 2288 349 2360 ejus
368 2287 411 2344 roi
432 2287 622 2354 mentionem,
651 2287 704 2344 nisi
731 2287 888 2346 necessitas
909 2285 1073 2360 impelleret
1086 2285 1112 2358 ’ς
1142 2303 1206 2346 nam

64 2390 189 2462 prolecto
212 2409 258 2449 me
287 2393 391 2464 partim
419 2407 514 2449 rerum
546 2392 669 2448 omnium
698 2392 831 2463 penuria,
860 2393 966 2463 partim
994 2393 1135 2464 egritudo
1160 2409 1208 2451 en·

65 2493 163 2566 hausit,
186 2495 304 2554 ducenti
327 2495 476 2555 dumtaxat
497 2495 542 2552 hic
564 2495 631 2556 onitu
652 2496 680 2554 in
703 2513 777 2554 anino
798 2497 983 2554 solvuntnrl.

136 2599 248 2658 Iterum
270 2616 413 2672 urgeora
440 2602 751 2673 quatuor·Rllcetorum
780 2600 928 2672 eeclesiis,
960 2609 993 2660 ut
1020 2603 1072 2660 siun
1098 2601 1208 2676 aliquot

65 2705 229 2774 septimanis
250 2705 325 2776 apud
347 2706 410 2762 illas
431 2721 484 2777 prc
505 2706 700 2776 promovendo
720 2706 831 2764 scilicet
853 2705 1003 2778 cvarlgeliu
1024 2704 1205 2780 (qualiscum-

63 2826 112 2880 que
141 2812 218 2878 siml.
260 2811 394 2868 Nondum
419 2813 491 2868 certi
522 2811 678 2884 quidquam
703 2812 851 2880 coristitui,
883 2810 979 2878 oredo,
1008 2809 1080 2868 alios
1108 2826 1206 2882 super·
1263 2827 1266 2832 ·

64 2921 195 2974 venturos
218 2915 339 2973 clinnum
361 2915 546 2975 eeclesiarum
571 2917 703 2986 trontius,
736 2917 784 2989 qui
813 2917 902 2989 etiam,
927 2932 972 2998 me
1002 2921 1143 2986 urguent,
1176 2921 1206 2971 ut

63 3020 208 3092 accedam3
239 3018 341 3077 faciam
362 3037 439 3091 vero,
460 3019 536 3092 quod
559 3020 683 3093 Spiritus
704 3027 818 3078 sanctus
840 3019 997 3091 interemerit,
1020 3035 1072 3077 nce
1093 3017 1142 3076 diu
1163 3025 1205 3076 ta·

64 3138 121 3180 men
143 3123 289 3182 affuturus
308 3133 400 3182 sunr‘.
463 3115 465 3122 ’

135 3215 226 3284 Mitto
247 3226 494 3298 supplicationem,
515 3243 599 3298 quam
617 3226 814 3284 illustrissima
830 3226 977 3286 Celsitudc
993 3227 1097 3285 Vestra
1108 3225 1207 3298 digua-

63 3326 135 3390 titur
154 3331 299 3403 inspicere
321 3337 350 3388 et
371 3336 507 3398 statuere,
529 3330 606 3402 quod
628 3331 745 3389 aPatre
766 3330 876 3390 coelcsli
891 3331 1100 3402 admonebitur,
1121 3347 1208 3388 causa

63 3437 184 3504 pertinet
213 3437 251 3495 ad
283 3436 420 3496 honorem
441 3437 503 3494 Dei.
545 3437 718 3496 Commendo
747 3454 791 3494 mc
819 3441 995 3496 reverenter.
1036 3435 1125 3494 Pater
1150 3451 1208 3494 ooe·

63 3536 138 3598 lestis
151 3547 260 3612 augeat
278 3541 320 3600 ilii
341 3558 409 3598 suus
430 3539 540 3599 divinos
562 3540 722 3612 thesauros,
744 3541 876 3613 spiritum
897 3548 927 3600 et
947 3541 1031 3600 tidem
1053 3559 1105 3613 per
1126 3540 1207 3598 Chri·

63 3647 131 3700 slum
153 3645 302 3702 domiuum
324 3651 463 3704 nostrum.

136 3749 279 3822 Tubingae
300 3751 340 3808 VI
360 3750 493 3808 Octobris
516 3753 599 3808 1562.

288 3854 493 3914 Illustrissimae
515 3854 700 3914 celsitudinis
721 3856 833 3914 Vestrae
853 3856 976 3914 servitor

963 3959 1128 4034 Vergem‘us.

128 4056 346 4128 Eigenhandige
367 4059 649 4128 randbemerkougen
669 4059 716 4114 des
736 4059 864 4130 herzcgs:

129 4161 146 4196 a
164 4144 239 4198 Hatt
257 4143 316 4198 sein
336 4161 406 4214 wag.
511 4179 513 4184 ·

627 4241 642 4277 e

131 4299 190 4354 IS.
215 4319 242 4357 u.
264 4303 322 4357 158.

129 4387 191 4442 28.
214 4407 242 4446 u.
263 4389 321 4445 161.
