2862 5080
55 377 116 432 1563
248 380 251 386 '
577 379 636 442 371

53 551 134 621 tantu,
152 551 288 623 plurimos
307 548 373 608 sitae
393 545 545 606 sanctioris
559 563 577 604 a
592 545 795 606 waldensibus
813 546 973 620 exemplum
986 561 1099 622 capere.
1120 548 1183 621 Ego

53 671 112 713 sane
131 656 246 713 multum
265 655 408 712 interesse
428 657 515 724 puto.
543 651 566 708 si
587 650 633 709 hic
652 649 839 708 illustrissimi
854 651 991 725 principis
1012 651 1055 710 tui
1076 653 1183 725 gravis-

51 760 112 818 sima
123 759 274 818 auctoritas
287 757 365 830 apud
377 755 589 814 serenissimum
601 754 794 814 Romanorum
806 771 904 828 regern
914 757 1074 829 accederet,
1087 772 1143 830 quo
1154 757 1183 814 in

52 867 171 934 negotio,
202 869 339 936 quantum
366 867 417 920 tua
436 859 660 934 prudentissima
681 861 800 918 consilia
821 859 961 918 commodi
982 860 1182 932 1111111111-

52 970 108 1040 sint,
127 984 206 1026 namo
227 974 279 1038 est,
301 966 350 1040 qui
371 965 488 1024 nesciet.
520 966 621 1039 Itaque
634 966 829 1038 petimnsate
851 966 990 1036 majorem
1010 967 1039 1022 in
1060 965 1183 1036 modum,

53 1088 82 1128 ne
100 1089 132 1130 ea
149 1074 177 1130 in
197 1087 230 1130 re
250 1071 302 1128 ulli
321 1085 420 1142 operte
441 1076 498 1126 tnae
518 1085 629 1142 parcas.
660 1069 814 1142 Absterge,
836 1075 974 1142 quantum
994 1075 1094 1144 potes,
1123 1085 1182 1136 eas,

52 1177 140 1248 quibus
159 1182 225 1235 suot
244 1176 298 1233 viri
319 1175 419 1248 optimi
440 1173 513 1232 falso
532 1175 662 1248 aspersi,
694 1173 828 1234 maculas.
869 1175 901 1232 ld
928 1171 1005 1247 quod
1026 1174 1091 1243 erit,
1118 1190 1184 1231 cum

51 1276 229 1337 illustrissimo
264 1277 385 1352 principi
419 1282 469 1334 tuo
507 1269 543 1335 et'
571 1284 696 1334 nostram
734 1275 859 1336 debitam
893 1293 952 1336 snae
985 1277 1184 1336 illustrissimae

51 1382 200 1440 celsitudini
221 1381 433 1440 observantiam
458 1381 677 1452 diligentissime
698 1399 750 1454 pro
771 1389 822 1440 tua
843 1397 913 1456 erga
933 1399 985 1440 nos
1005 1381 1184 1442 humanitate

50 1487 289 1557 commendaveris,
310 1485 462 1558 officiaque
479 1486 691 1560 promptissima
706 1487 909 1558 declaraveris,
931 1494 962 1546 et
976 1488 1098 1545 istorum
1112 1503 1184 1560 pau·

50 1604 137 1659 perum
151 1587 257 1646 Christi
274 1587 402 1648 fidelium
422 1593 537 1646 cauam
558 1605 680 1661 omnem,
701 1607 766 1662 qnae
786 1590 839 1648 tibi
859 1589 949 1664 probe
969 1595 1038 1649 nota
1059 1596 1113 1662 est,
1135 1607 1185 1650 ex·

50 1693 184 1763 posueris,
213 1699 244 1754 et
265 1693 301 1752 ad
322 1691 460 1752 tuendam
480 1691 648 1750 cohortatus
674 1689 773 1750 fueris.
815 1692 900 1764 Spem
921 1708 990 1752 voro
1010 1692 1185 1752 1111111111-

49 1794 148 1866 bemus,
177 1803 210 1855 nt
230 1813 295 1870 quoe
315 1811 375 1852 sum
394 1793 595 1853 illustrissime
617 1793 794 1852 celsitudinis
821 1795 914 1866 pietas
941 1803 986 1855 est
1012 1803 1099 1870 atque
1126 1797 1185 1856 ole-

49 1903 151 1971 mentia,
172 1917 230 1958 nou
244 1899 282 1958 sit
295 1899 371 1972 apud
385 1901 598 1958 serenissimum
609 1901 801 1958 Romanorum
822 1917 921 1974 regern
942 1917 1042 1960 eorum
1063 1903 1184 1961 tutelam

49 2009 254 2073 mpernaturus,
281 2003 338 2062 imo
363 2019 450 2076 sopra
470 2010 585 2062 ceteros
604 2005 749 2078 principes
770 2005 900 2064 omnibus
921 2003 1021 2078 modis,
1043 2006 1120 2080 qood
1141 2005 1184 2065 fa-

48 2123 103 2165 cere
122 2109 203 2180 solet,
227 2107 336 2166 Christi
358 2108 509 2168 ecelesiam
529 2107 692 2180 adiuturus.
723 2107 829 2168 Frater
849 2126 929 2168 meus
949 2110 1071 2168 salutem
1093 2111 1183 2183 pluri·

49 2227 111 2268 nam
130 2212 182 2270 tibi
202 2211 351 2270 adscribit.
391 2210 456 2284 Ego
477 2210 555 2284 qood
573 2209 613 2268 ad
638 2227 683 2270 me
709 2212 833 2282 attinet,
861 2219 930 2284 peto
958 2219 1025 2271 ate
1046 2215 1184 2286 majorem

48 2319 72 2374 in
90 2319 210 2388 modum,
232 2324 266 2376 ut
285 2333 329 2386 ea,
351 2333 407 2390 qna
427 2317 541 2388 coepisti
551 2317 702 2390 complecti
716 2333 762 2374 me
776 2316 985 2388 benevolentia,
999 2334 1055 2376 non
1070 2317 1185 2376 desinas

49 2427 198 2497 sepiusque
220 2438 267 2480 me
288 2422 393 2480 litteris
414 2423 472 2480 tuis
492 2422 665 2494 eorupollare
686 2421 766 2480 velis.
801 2421 881 2480 Bene
902 2423 975 2490 vele,
996 2425 1040 2481 rir
1060 2423 1184 2494 optime!

48 2527 120 2586 llatae
139 2528 335 2598 Hedelhergae
357 2529 375 2582 4
396 2527 443 2586 die
464 2527 606 2598 ianuarii,
626 2542 702 2586 anno
723 2525 824 2584 salutis
849 2528 932 2585 1563.

464 2629 518 2687 Tui
539 2630 753 2688 amentissimus

713 2731 886 2791 l'eneeslsus
906 2731 942 2790 ab
963 2731 1103 2804 Ostrorog

796 2852 882 2894 manu
901 2835 1027 2908 propria.

580 3093 644 3148 171.

345 3223 469 3312 Verger
491 3248 534 3289 an
556 3225 674 3312 herzog
695 3223 894 3308 Christoph..

388 3357 538 3432 Tbbingen
565 3363 597 3415 ll
619 3358 729 3416 Januar
753 3358 837 3414 1563.

110 3463 181 3531 'Uber
202 3474 249 3530 ein
269 3474 342 3528 huoh
355 3491 409 3529 von
421 3474 503 3529 Curio
521 3475 578 3530 und
598 3474 660 3530 eine
678 3475 783 3530 endere
804 3473 1058 3540 astitrinitarisohe
1078 3473 1185 3528 schrift.
1218 3495 1221 3504 ·

116 3573 316 3632 illustrissime
336 3573 475 3648 Princeps
496 3581 526 3631 et
547 3575 669 3632 Domine
690 3575 812 3632 Domine
834 3572 1082 3632 clementissime!

115 3679 203 3738 Mitto
224 3676 472 3750 informationem,
494 3693 579 3750 qnam
600 3676 798 3734 illustrissima
825 3675 974 3734 Celsitudo
1000 3675 1105 3732 Vestra
1125 3667 1186 3746 dig·

48 3788 107 3841 nata
127 3790 171 3844 est
197 3789 298 3856 petere
326 3783 356 3840 in
384 3799 470 3842 ceusu
497 3782 564 3840 libri
585 3780 670 3840 Coelii
690 3780 815 3840 Secundi
831 3780 849 3838 ¹.
889 3781 1008 3838 Retlnui
1037 3777 1114 3852 apud
1142 3795 1187 3836 me
1273 3816 1276 3822 -

47 3885 143 3946 librum
161 3889 273 3962 ipsum,
301 3903 395 3959 neque
423 3886 499 3944 enim
519 3885 612 3944 habeo
632 3885 731 3958 plures
751 3901 818 3942 uno.
859 3883 983 3941 Retineo
1008 3881 1189 3940 authenticas

47 3991 151 4054 litteras
172 3994 255 4053 verbi
275 3995 330 4053 Ilei
352 3993 494 4065 ministri,
526 3993 624 4065 quiin
645 3991 759 4050 eraetia
785 3989 884 4062 degit,
914 4004 979 4060 quae
1005 4001 1067 4043 rem
1096 3990 1187 4042 totam

47 4101 181 4170 aperiunt.
224 4101 348 4159 Retineo
370 4099 494 4170 deniqne
516 4098 666 4170 scriptum,
690 4095 773 4168 ,quod
794 4095 821 4153 d.
843 4091 1017 4151 Basilicnses
1038 4090 1187 4148 miseruut.

47 4201 130 4280 Dabo,
151 4207 256 4282 quibus
276 4206 381 4265 Vestra
402 4203 600 4262 illustrissima
620 4203 768 4262 Celsitudo
792 4200 979 4258 mandaverit.

608 4324 623 4357 *

112 4422 121 4471 l
144 4421 172 4474 S.
190 4439 217 4476 n.
238 4421 270 4474 57
290 4419 427 4476 11111243,

919 4509 978 4564 24*
