2862 5080
754 372 815 434 416
1286 366 1345 422 15⁶4

209 542 294 602 derat
313 541 351 600 ad
371 541 399 601 d.
426 542 559 600 comitem
579 539 705 599 Ulissem
720 539 744 612 ¹,
772 545 887 599 centum
916 538 1029 599 scilicet
1054 538 1174 599 florenis
1200 539 1345 614 mittendis,

210 647 335 706 nondum
355 648 437 720 potui
457 649 589 717 mittere,
621 662 686 704 narn
707 644 879 717 Lugdunum
906 642 1052 717 proiectus
1078 650 1141 713 est,
1173 661 1209 703 ea
1228 649 1346 704 servatur

209 751 285 824 apud
305 767 360 810 me.
392 749 493 810 Gratia
514 755 543 810 et
563 767 620 824 pan
641 749 749 808 donnini
769 749 861 808 nostri
882 750 954 810 Jesu
975 748 1082 808 Christi
1102 749 1141 814 sit
1162 761 1274 824 semper
1294 765 1345 808 cun

209 856 269 930 illa,
289 871 382 917 amen.
423 856 598 916 commendo
619 871 665 914 me
686 862 863 933 reverenter.

287 959 391 1018 Datum
413 957 552 1032 Tubingae
573 957 620 1016 dic
641 960 659 1015 7
680 957 752 1017 Maii
777 958 860 1016 1564.

971 1062 1128 1136 vergerius
1148 1062 1281 1122 servitor.

751 1325 818 1382 204.

521 1445 646 1534 Verger
669 1467 711 1511 an
734 1446 851 1532 herzog
873 1444 1055 1530 Christoph.

596 1577 747 1652 Ttlbingcn
769 1582 785 1636 7
806 1577 868 1636 Mai
890 1579 993 1658 1564..
1081 1619 1085 1628 .

283 1695 373 1751 Bittet
391 1696 445 1751 den
464 1696 565 1768 herzog
583 1715 630 1752 um
649 1698 724 1753 aeine
742 1697 940 1766 verwendung,
963 1695 1053 1751 demit
1070 1696 1128 1750 ihm
1148 1695 1228 1751 seina
1245 1693 1351 1766 pensiore

211 1809 266 1848 von
285 1791 456 1848 Frankreich
475 1793 640 1848 ausbenahlt
657 1795 758 1849 werde.

290 1890 487 1950 lllustrissirne
507 1891 645 1966 Princeps
667 1899 696 1951 et
718 1893 839 1951 Domine
860 1893 983 1950 Domine
1005 1890 1260 1951 clementissime!

290 1994 395 2054 Vestra
414 1994 612 2055 illustrissima
634 1996 783 2056 celsitudo
803 1997 940 2070 dignetur·
958 1997 1071 2068 legere,
1093 1996 1169 2068 quod
1190 2013 1239 2055 me
1259 1995 1350 2070 tangit

211 2117 265 2174 pro
286 2117 338 2160 sua
358 2102 525 2174 clementia3
555 2103 676 2176 cogitavi
699 2104 776 2163 enim
796 2102 912 2162 differre
933 2119 1028 2162 meum
1047 2101 1083 2160 ad
1103 2101 1183 2159 illam
1206 2116 1352 2166 accessum,

210 2220 305 2280 neque
326 2207 403 2264 cuim
423 2212 503 2266 recte
516 2207 608 2274 valeo,
630 2206 681 2266 sed
702 2221 791 2280 nepos
807 2221 889 2264 meus
902 2205 1036 2264 Aurelius
1056 2205 1118 2278 ipse
1139 2204 1231 2274 venit,
1252 2207 1292 2276 nt,
1311 2200 1352 2259 ubi

214 2325 287 2396 opus
306 2307 403 2381 luerit,
424 2310 566 2384 suppleat.
596 2309 655 2368 Res
675 2310 716 2368 sic
736 2309 840 2368 habet:
860 2306 955 2368 ann0²
975 2313 1130 2382 antequam
1143 2307 1305 2367 ethaetia
1322 2305 1353 2364 ad
1427 2339 1428 2362 v

211 2413 345 2476 Vestram
361 2413 586 2474 illustrissimam
602 2412 810 2471 Celsitndinem
825 2411 1013 2481 advenissem,
1035 2428 1088 2469 rex
1101 2411 1250 2470 Henricus
1261 2407 1352 2468 Galliae

211 2519 325 2593 scripsit
346 2519 408 2590 ejus
428 2519 525 2591 legato
545 2518 729 2601 Morelletto,
758 2523 791 2576 ut
810 2515 881 2576 mihi
903 2517 1041 2576 ducentos
1062 2522 1217 2575 coronatos
1238 2515 1268 2574 in
1288 2530 1353 2572 anno

212 2621 297 2681 deret
314 2638 367 2695 pro
381 2622 520 2696 pensione
536 2639 589 2695 pro
601 2625 673 2682 meis
686 2625 716 2681 in
729 2639 828 2696 regom
842 2622 989 2681 laboribus
1002 2628 1089 2694 atque
1104 2620 1242 2692 servitiis,
1264 2636 1352 2696 quenn-
1426 2671 1427 2700 3

210 2726 364 2787 admodum
384 2735 506 2801 apparot
526 2746 562 2788 ex
581 2729 701 2800 littoris,
729 2745 801 2802 quas
821 2745 896 2788 nunc
915 2729 1008 2787 mitto.
1050 2727 1177 2800 Legatos
1199 2743 1259 2786 non
1280 2726 1351 2784 dedit

213 2833 316 2905 semel;
345 2833 481 2907 contigit,
511 2840 543 2893 ut
563 2833 733 2894 succederet
752 2833 826 2892 alius
847 2835 979 2906 legatus,
1012 2835 1059 2892 cui
1078 2849 1183 2891 nomen
1205 2830 1350 2892 Bassaion·

212 2944 288 2996 tanae
300 2935 325 3007 ’ς
348 2937 382 3006 is,
403 2943 436 2997 ut
456 2935 650 3010 benefaceret,
671 2954 735 2996 cnm
755 2953 816 2996 rem
836 2944 927 2997 totam
948 2936 1068 2998 haberet
1088 2938 1117 2996 in
1138 2954 1227 2997 manu
1248 2955 1307 3007 sua,
1327 2937 1352 2994 et

212 3048 343 3101 mortuus
362 3039 465 3102 inisset
485 3042 588 3115 aliquis
609 3059 645 3101 ex
665 3042 875 3116 pensionariis,
906 3045 952 3102 cui
980 3043 1166 3102 solvebantur
1193 3047 1353 3102 contumel
1425 3087 1426 3092 ,

212 3145 316 3219 viginti
336 3145 450 3206 circiter
470 3146 614 3218 coronati,
644 3163 706 3206 earn
732 3149 899 3220 pensionem
926 3152 1041 3207 centum
1069 3148 1179 3206 scilicet
1208 3153 1240 3206 et
1261 3144 1352 3219 ugioti

213 3257 416 3310 coronatorum
434 3250 586 3310 collocavit
604 3252 634 3310 in
655 3269 719 3310 meo
740 3253 872 3324 nominc,
903 3258 934 3311 et
953 3251 1103 3325 reliquum,
1131 3251 1211 3326 quod
1241 3248 1352 3338 eratJad

213 3371 352 3414 summam
379 3354 567 3415 ducentorum
591 3362 801 3428 coronatorum,
827 3358 989 3416 numeravit
1013 3359 1101 3415 etiam
1126 3357 1241 3427 saepius.
1284 3352 1354 3413 Abiit

213 3457 319 3518 deindo
336 3458 546 3520 Bassalontana
565 3462 594 3519 in
608 3461 776 3533 Hispaniam
796 3462 917 3534 legatus,
939 3460 988 3534 qni
1009 3476 1078 3520 vero
1098 3467 1301 3530 successerunt
1318 3459 1353 3516 le·

286 3635 298 3688 1
319 3632 345 3688 S.
364 3651 390 3688 n.
411 3633 469 3689 184.
490 3632 547 3686 197.

283 3719 382 3774 2Also
401 3718 439 3773 im
458 3719 521 3790 jahr
541 3722 616 3786 1552,
636 3720 742 3791 Verger
765 3721 891 3777 schiclste
909 3722 1005 3777 seinen
1025 3720 1118 3777 neffen
1138 3722 1269 3778 Aurelius
1287 3717 1350 3775 uach

214 3803 294 3871 Ohur,
313 3824 360 3860 um
379 3805 425 3860 die
436 3805 519 3861 sache
531 3806 721 3862 zubetreiben
733 3807 791 3861 und
804 3805 940 3862 Bellievre
954 3807 1103 3878 versprach
1123 3807 1182 3864 ihm
1202 3810 1280 3865 seina
1298 3824 1351 3862 ver·
1423 3793 1424 3882 J

152 3923 157 3934 ·
213 3893 361 3964 wendung.
398 3893 423 3964 5.
443 3911 470 3947 n.
490 3895 540 3950 205
560 3895 618 3948 und
638 3895 699 3950 206.
1423 3885 1424 3977 l

282 3983 299 4036 3
318 3980 467 4036 Sebastiam
486 3982 520 4036 de
539 3983 729 4054 l'Aubespine‚
747 3985 810 4039 herr
829 4002 882 4040 von
897 3983 1118 4048 Bassefontaiue,
1137 3984 1200 4054 gab.
1221 3984 1299 4048 1518,
1317 3980 1352 4034 bi·

212 4067 295 4123 schol*
309 4086 364 4123 von
384 4068 519 4139 bimogea
541 4071 608 4125 1553
633 4071 690 4124 und
708 4070 857 4126 wiedernm
878 4071 946 4126 1564
963 4071 1022 4126 und
1039 4073 1073 4126 65
1091 4071 1293 4127 franaltsischer
1310 4084 1351 4138 ge·

144 4191 151 4204 ·
212 4156 329 4212 sandter
346 4156 376 4209 in
394 4157 443 4213 der
461 4157 597 4221 Schmin,
624 4158 654 4212 iu
672 4157 764 4214 vielen
784 4158 1033 4229 gesandtschaften
1053 4161 1136 4213 uuter
1153 4157 1218 4212 itini
1233 4156 1351 4224 konigen

212 4244 335 4313 euprobi,
353 4245 451 4314 'spatior
468 4243 599 4314 mitglied
617 4246 664 4301 dea
677 4247 826 4317 gebeimen
840 4246 941 4312 rather,
961 4246 1214 4317 †2hugnst1582.
1237 4245 1272 4298 19
1285 4243 1351 4298 Maru
1422 4253 1423 4343 J

214 4329 283 4383 1553
301 4328 423 4384 schreibt
440 4329 531 4386 dieser
550 4349 586 4384 au
605 4331 751 4403 Bullinger
768 4333 837 4389 ilb'er
856 4333 978 4402 Verger:
1016 4333 1133 4398 Curavi,
1159 4334 1192 4386 ut
1215 4331 1318 4386 habeat
1338 4345 1351 4382 a

213 4430 288 4484 rege,
308 4415 383 4470 uude
401 4416 490 4485 possib
507 4417 624 4474 honeste
642 4418 744 4475 vivere.
781 4420 878 4490 Meyer
895 4419 916 4488 I,
936 4422 977 4476 79.
1014 4420 1041 4476 S.
1061 4438 1089 4475 n.
1107 4417 1244 4474 alatari
