2884 5074
91 2965 93 2969 ·
209 2931 286 3006 apud
307 2932 451 3006 popisma,
483 2930 551 2988 mihi
573 2929 726 2988 videbatur
747 2930 985 2998 animadvertere,
998 2929 1116 3003 aliquid
1138 2928 1228 2990 fuisse
1249 2932 1352 2992 dietum

11 3149 15 3164 ¹
113 3155 116 3160 ’
208 3140 407 3216 probandum,
437 3140 553 3198 tametsi
579 3139 1141 3212 reerigeretursubtilissimaastutia,
1174 3141 1354 3214 quodetiam

212 516 313 588 babeo,
334 516 414 574 verbi
435 517 490 576 Dei
510 515 635 576 ministri
656 517 698 575 sie
719 515 807 574 habet
827 515 864 573 ad
885 521 1032 588 punctum.

1296 346 1353 402 rusa

291 622 382 680 Valde
403 622 509 693 miror,
540 622 616 694 qnod
636 623 783 680 dominum
804 620 926 680 Coelium
948 620 1102 682 Curionem
1124 641 1181 682 non
1203 625 1312 698 pudeat
1330 643 1354 684 se
1430 599 1431 602 Ἴ

213 735 368 800 contegere
389 733 510 802 propter
530 744 611 786 suum
633 727 739 786 librum
760 729 806 786 bie
820 727 999 800 impressum,
1022 731 1067 786 oni
1087 729 1190 803 titulus
1207 731 1244 788 de
1256 733 1354 804 Ampli-
1430 799 1431 802 Ἴ

213 834 314 892 tudine
334 833 418 906 regni
438 833 503 892 Dei.
544 833 602 892 Res
622 833 659 891 ad
687 833 763 892 hune
788 831 901 890 modum
931 832 1037 902 habet,
1069 841 1157 908 qnam
1177 851 1266 894 narro
1288 840 1353 896 omni
1430 841 1431 844 ’

212 939 325 998 sineere
353 937 491 1018 veritate,¹
534 939 570 996 D.
600 937 707 998 Coelius
733 938 810 996 misit
839 936 894 997 huo
921 937 1021 996 dedita
1046 956 1136 1012 opera
1164 957 1248 1000 snum
1275 940 1354 1000 filium
1430 923 1431 982 ἕ

148 1103 153 1108 .
213 1049 282 1104 natu
302 1043 466 1115 maximum,
488 1049 519 1100 ut
539 1043 755 1115 imprimeretur
776 1025 870 1100 dietus
891 1042 981 1114 liber,
1009 1043 1045 1102 de
1067 1061 1123 1118 qno
1145 1047 1264 1116 negotio
1285 1045 1354 1104 dedit

213 1148 326 1208 litteras
346 1147 526 1222 typographo
548 1145 683 1219 etmihi,
713 1147 858 1220 rogando,
888 1153 920 1206 nt
940 1148 1143 1207 adhiberemus
1165 1166 1280 1208 omnem
1299 1149 1354 1208 ‹liii-

207 1253 354 1339 gentiam,
385 1257 419 1311 ut
439 1259 547 1326 quanto
567 1257 666 1324 posset
685 1251 779 1321 eitius,
799 1253 1032 1324 imprimeretur,
1065 1251 1164 1314 dicens
1185 1255 1263 1328 quod
1283 1256 1355 1326 prela

213 1356 385 1416 Basiliensia
405 1357 446 1416 ita
467 1362 551 1414 erant
571 1361 726 1428 oooupata,
757 1361 789 1414 ut
810 1372 865 1414 non
887 1355 1015 1429 potuerit
1034 1356 1158 1416 Basiieee
1177 1359 1310 1432 imprimi,
1329 1369 1355 1416 nt

212 1467 290 1520 esset
316 1461 465 1520 absolutus
491 1467 621 1534 tempore
650 1460 852 1520 nundinarum.
894 1461 1013 1533 Semper
1037 1463 1200 1533 suspicatus
1224 1481 1295 1532 som,
1323 1482 1354 1521 ne

212 1566 286 1625 iiber
306 1565 415 1639 aliquid
435 1565 546 1640 reginis
566 1565 595 1623 iu
617 1582 648 1624 se
669 1559 791 1624 hebe'ret
804 1571 834 1624 et
849 1565 991 1640 siquidem
1005 1543 1172 1639 potuissem,
1195 1567 1353 1640 effecissent

213 1688 249 1730 ne
269 1672 412 1745 potuisset
431 1671 564 1742 imprimi,
586 1669 641 1728 nisi
661 1671 741 1743 prins
761 1667 863 1728 inisset
883 1669 1063 1736 examinatus
1084 1671 1271 1744 diligentera
1285 1673 1354 1744 viris,

213 1778 263 1852 qui
280 1775 392 1848 judicio
410 1775 527 1848 pollent.
559 1773 615 1834 Sed
637 1775 704 1847 quia
724 1773 853 1834 homines
874 1780 984 1834 tantum
1006 1775 1062 1832 sibi
1081 1775 1151 1850 ipsis
1165 1777 1308 1850 tribuunt,
1327 1785 1354 1835 ut

212 1881 306 1940 nolint
333 1881 485 1952 subjacere
509 1879 629 1938 aliorum
657 1877 946 1951 reprehensionibus,
975 1895 1119 1952 uunquam
1149 1883 1230 1952 potui
1259 1882 1353 1940 librum

212 1985 325 2059 ridere,
352 1985 407 2044 uisi
427 1991 617 2058 posteaquam
637 1981 740 2042 fuisset
760 1984 925 2056 impressus.
967 1985 1041 2042 Nam
1062 1983 1139 2044 filius
1159 2002 1274 2059 semper
1293 1987 1354 2045 mihi

213 2091 337 2164 dicebat,
358 2089 436 2164 quod
455 2089 536 2148 illum
556 2089 717 2160 corrigeret
743 2087 942 2162 repetatque,
971 2107 1001 2150 se
1028 2105 1115 2162 posse
1142 2091 1223 2148 illum
1245 2091 1312 2150 mihi
1329 2095 1354 2150 in

210 2214 312 2258 manus
331 2195 458 2268 tradere,
480 2195 546 2268 quia
560 2193 699 2266 degebam
711 2209 765 2266 ego
781 2194 889 2264 Tironi,
909 2195 971 2266 ipse
986 2200 1082 2254 autem
1097 2195 1272 2257 Pusoblavii.
1293 2197 1355 2256 Fuit

211 2317 282 2375 ergo
298 2277 455 2375 impressus
476 2301 530 2358 iste
557 2299 631 2358 iiber
661 2305 744 2359 tanta
771 2299 964 2365 sollieitudine
994 2307 1135 2374 tantoque
1163 2307 1298 2376 sumptu,
1327 2311 1355 2358 ut

210 2409 259 2466 nix
279 2405 590 2480 possemexprimere,
616 2405 776 2476 augebatur
796 2404 866 2462 mihi
888 2420 956 2462 vero
977 2421 1091 2478 semper
1111 2407 1245 2478 suspicio.
1286 2407 1354 2464 Tan·

210 2512 275 2570 dem
298 2529 359 2570 eum
381 2509 484 2569 fnisset
503 2509 662 2578 absolutus,
681 2509 740 2582 legi
761 2527 818 2568 una
838 2527 902 2568 cum
923 2510 1038 2570 domino
1053 2511 1145 2570 Panlo
1166 2512 1355 2585 praedieatore

211 2617 348 2690 Titianoi,
360 2615 411 2676 sed
432 2620 515 2676 tanto
535 2613 692 2684 stomacho,
714 2621 747 2674 ut
762 2617 809 2673 vix
820 2615 965 2688 potuerim
974 2615 1142 2688 perlegere.
1163 2617 1238 2675 Nam
1254 2624 1355 2688 prater

209 2721 383 2796 praeeipuum
405 2726 498 2792 eaput,
511 2719 596 2792 quod
617 2725 671 2778 est
681 2725 872 2778 monstrosum
888 2726 918 2776 et
932 2697 1104 2781 diabolicum
1119 2727 1151 2780 et
1162 2729 1352 2798 praeterquam

210 2827 287 2900 quod
308 2827 457 2900 scripturae
478 2830 584 2882 sanetas
610 2825 725 2884 sinistre
750 2824 1036 2897 interpretabantur,
1066 2826 1124 2894 imo
1154 2829 1247 2899 magis
1274 2844 1355 2902 quam

166 3095 167 3099 ,
210 3038 246 3097 de
271 3053 396 3109 persona
423 3035 529 3094 domini
558 3037 649 3094 nostri
669 3036 740 3094 iesu
762 3033 893 3108 Christi,
919 3035 996 3109 quod
1024 3034 1093 3094 mihi
1123 3053 1180 3094 non
1207 3037 1355 3096 videbatur

208 3246 379 3306 Franoiseus
399 3245 513 3322 Niger¹
538 3243 743 3306 animadvertit
770 3252 800 3302 et
826 3254 940 3316 semper
965 3245 1141 3318 existimavi,
1168 3245 1233 3304 iore
1263 3254 1299 3306 ut
1322 3247 1355 3304 de

209 3353 265 3410 isto
285 3351 358 3410 libro
379 3351 569 3424 contingeret,
591 3350 670 3424 quod
690 3350 820 3422 contigit.
872 3405 873 3408 ,
922 3409 924 3414 ,
966 3359 967 3364 ’
1048 3394 1051 3401 2
1084 3409 1087 3418 ,

289 3456 371 3526 Quod
392 3471 460 3514 vero
478 3455 588 3514 Coelius
607 3453 719 3514 miserit
740 3455 802 3527 ipse
824 3454 860 3512 od
882 3455 936 3514 hoo
954 3453 1145 3528 peculiariter
1165 3473 1249 3516 sunm
1269 3454 1354 3514 filium

207 3567 277 3620 natu
298 3562 461 3632 maximnm,
480 3559 531 3634 qui
552 3559 773 3620 hioPusohiavii
789 3559 1091 3632 libramimprimeret,
1112 3561 1238 3631 ipsemet
1251 3560 1354 3620 Coelius

207 3667 322 3738 scripsit
342 3664 530 3740 typographo·
545 3670 575 3724 et
595 3664 673 3722 mihi.
714 3664 836 3726 densam
863 3681 941 3738 vero,
970 3681 1021 3727 our
1050 3681 1105 3722 non
1130 3669 1280 3726 curaverit
1304 3667 1352 3722 im·

206 3771 385 3844 primendum
405 3771 528 3830 Basileae
554 3776 605 3828 aut
632 3769 731 3841 Tignri
765 3775 816 3831 aut
836 3769 1022 3842 Argentinae,
1049 3771 1097 3828 ubi
1130 3773 1225 3828 minor
1255 3769 1353 3832 suisset

143 3920 144 3924 ,
207 3883 336 3949 sumptus
357 3882 387 3932 et
408 3873 516 3932 nulium
538 3882 665 3932 reoturee
686 3873 858 3946 perieulum,
883 3875 1004 3947 judicet.
1028 3875 1077 3946 qui
1090 3876 1160 3936 sani
1183 3882 1229 3936 est
1244 3875 1350 3947 judieii.

167 3959 175 3976 ’
207 3981 269 4042 Hae
290 3987 386 4041 autem
408 3987 470 4039 tota
489 3981 527 4039 de
548 3998 580 4042 re
601 3978 675 4038 faeie
701 3979 781 4038 robis
809 3980 922 4051 plenam
944 3979 1045 4040 ddem.
1072 3980 1142 4038 iiie
1170 3979 1256 4040 finem
1282 3971 1349 4036 isoio

207 4093 237 4146 et
257 4103 302 4145 me
323 4085 491 4144 commendo
513 4091 575 4144 toto
596 4084 697 4156 eorde,
734 4084 873 4143 Dominus
895 4085 1049 4144 nobiseum.
1129 4102 1131 4104 ·

773 4217 788 4249 dt

277 4324 290 4376 1
311 4319 473 4375 Franzisens
491 4318 591 4387 Niger,
618 4317 749 4373 eusdem
768 4317 895 4382 veltlin,
921 4277 1013 4375 temer
1041 4315 1090 4370 des
1116 4313 1342 4370 hebraismum

207 4409 376 4463 Chiavenaa.
533 4435 534 4438 ¹
