2852 5076
57 393 116 449 1555
585 395 626 456 87

121 565 228 626 Marcus
244 563 385 626 Antonius
405 565 555 626 Triuisano
570 563 626 624 Dei
646 561 741 636 gratis
756 561 814 620 dux
828 560 1004 620 Venetorum
1025 565 1091 620 515·
1109 559 1177 618 llln·

54 662 868 740 515155155511551550155155115551155111155515555551
889 668 943 724 515.
965 666 1057 724 amico
1078 669 1177 724 555155

53 773 178 830 carissimo
198 771 320 830 salutem
341 775 370 829 et
389 771 510 830 sinceras
529 769 691 828 dilectionis
712 766 856 828 51155155.

117 875 236 934 Litteras
251 875 436 934 Excellentiae
450 875 563 934 Vestrae
585 874 685 934 ultimo
706 873 753 932 die
774 872 845 932 Jutii
865 873 987 946 scriptus
1008 874 1177 946 recepimus,

58 980 138 1053 quibus
157 978 236 1038 nobis
256 987 289 1040 et
308 979 441 1052 adeptam
462 981 639 1056 principatus
660 979 830 1051 dignitatern
855 979 1034 1052 gratulatur,
1060 983 1091 1038 et
1114 993 1177 1038 eam

57 1083 125 1156 ipsam
140 1083 216 1141 Deus
237 1084 362 1156 optimus
384 1085 522 1141 maximus
542 1081 623 1140 nobis
644 1087 675 1139 et
694 1057 861 1154 reipublicae
881 1087 914 1140 ut
933 1079 1062 1141 15515551
1083 1081 1179 1140 verbis

56 1185 233 1244 amantissimis
253 1193 285 1246 51
305 1185 469 1247 1555511515
489 1192 633 1259 55555155.
673 1185 854 1259 Domumque
882 1186 968 1259 petit,
998 1191 1031 1244 nt
1057 1183 1177 1244 15515555

56 1289 154 1350 Baldnm
182 1310 197 1350 5
228 1308 347 1351 5555555
379 1292 512 1350 eductum
544 1291 729 1350 dimittamus.
781 1287 871 1346 Nobis
902 1306 970 1350 vero
991 1287 1178 1350 Excellenties

57 1397 157 1470 Vestrae,
178 1398 317 1472 principis
336 1403 435 1456 mutua
455 1413 518 1456 curn
539 1395 687 1470 republica
708 1401 807 1454 nestra
822 1395 1025 1454 benevolentis
1043 1393 1100 1453 iam
1120 1393 1178 1467 pri·

54 1501 104 1559 dem
123 1503 353 1574 coniunctissimi,
382 1507 411 1560 51
430 1499 586 1573 gratulatio
610 1499 772 1572 gratissima
798 1495 853 1557 1511
880 1503 910 1558 51
935 1497 1061 1568 suimus,
1094 1512 1178 1572 quern

56 1604 111 1676 ipsis
128 1605 228 1665 litteris
249 1605 379 1666 ostendit
399 1606 428 1662 in
450 1620 516 1675 nos,
547 1603 668 1662 maxime
696 1617 864 1676 propensus.
905 1603 1006 1676 ltaque
1035 1599 1120 1660 facile
1146 1600 1177 1658 in

55 1709 155 1779 gratiam
167 1711 281 1770 Vestrae
290 1709 478 1770 Excellentiae
499 1723 534 1766 ea
555 1708 649 1766 emnia
670 1705 765 1767 lacere
780 1706 809 1765 15
825 1707 950 1765 animum
965 1705 1177 1777 induceremus,

57 1831 140 1885 5555
168 1816 250 1874 nobis
279 1815 429 1888 proficisci.
470 1813 527 1872 Sed
558 1829 621 1872 cum
649 1815 674 1871 is
702 1811 821 1870 fratrum
847 1811 988 1870 minorum
1015 1810 1177 1870 coenobium

57 1890 135 1977 uultis
153 1919 255 1979 abhinc
276 1921 358 1978 aunis
378 1921 539 1992 ingressus,
567 1923 597 1976 51
621 1923 757 1992 tauquam
783 1917 858 1976 male
886 1915 922 1973 de
949 1914 1089 1986 religione
1114 1929 1178 1973 serr·

56 2019 123 2094 11555,
142 2029 299 2095 accusatus,
320 2025 349 2081 in
371 2037 515 2082 carcerem
536 2023 573 2080 511
593 2021 739 2080 coniectus
754 2020 790 2079 ab
805 2021 848 2091 iis,
871 2020 919 2092 qui
933 2018 1178 2091 tatibusprcsurrt

55 2123 193 2186 bominibus
219 2144 255 2186 ac
283 2121 347 2200 ejus
366 2129 482 2200 generis
502 2141 602 2186 555555
623 2125 801 2196 disceptant,
830 2127 959 2182 nestrum
984 2122 1098 2181 omniuo
1119 2139 1176 2181 nou

53 2233 205 2297 55155555
227 2233 377 2292 decretum
397 2231 493 2304 aliqua
514 2247 549 2290 ex
568 2234 651 2303 perte
672 2227 832 2287 immutare.
868 2225 952 2298 Quod
972 2227 996 2284 si
1018 2241 1074 2300 qua
1094 2225 1177 2284 nobis

53 2331 97 2388 alia
114 2332 204 2392 oblata
224 2333 316 2392 luerit
336 2331 459 2404 occasio,
480 2333 509 2390 irr
529 2347 587 2405 qua
607 2329 794 2388 Excellentiae
814 2329 926 2390 Vestrae
946 2345 1054 2390 morem
1074 2346 1177 2406 gerere

52 2437 176 2510 pessimus,
197 2438 271 2496 nihil
293 2437 375 2496 nobis
395 2435 541 2511 antiquius
555 2436 620 2506 erit,
642 2450 725 2508 quem
742 2440 775 2494 ut
788 2436 940 2496 maximam
955 2436 1072 2511 quidem
1088 2440 1177 2505 certe,

53 2555 95 2610 qua
111 2541 307 2600 illustrissimae
321 2541 530 2600 Dominatiouis
545 2539 654 2600 Vestrae
673 2539 873 2614 prosequimur
888 2540 1126 2613 benevolentiam,
1148 2540 1177 2600 ei

55 2645 225 2718 ostendamus,
248 2644 485 2719 quemadmodum
498 2643 686 2704 Excellentiae
700 2643 812 2703 Vestrae
827 2646 891 2718 ejus
911 2643 1037 2717 nuntius,
1058 2645 1104 2704 eui
1116 2645 1178 2704 baec

55 2751 129 2808 55515
147 2768 242 2810 coram
264 2750 456 2824 exposuimus,
478 2749 595 2808 uberius
616 2747 778 2822 explicabit.
810 2749 893 2808 Datur
913 2750 943 2806 iu
963 2753 1062 2809 uestro
1083 2749 1177 2808 ducali

53 2854 213 2929 quatiaris
236 2855 319 2914 vllll
340 2853 527 2930 Septembris,
548 2853 704 2914 indictione
724 2853 783 2912 XII
802 2853 940 2912 MDLlII.

601 2971 617 3002 Χ

570 3131 640 3191 lid.

292 3262 432 3350 Vergers
454 3263 691 3350 bemerlrnugen
714 3286 752 3328 zu
774 3287 806 3329 5.
833 3271 871 3330 17
884 3287 911 3330 5.

533 3378 670 3438 Primum.

113 3479 199 3538 Homo
220 3480 416 3551 pientissimus
437 3487 494 3550 est,
524 3483 621 3556 quiin
643 3481 807 3541 carceribus
829 3483 977 3542 detinetur
996 3480 1104 3540 Baldcs
1124 3496 1175 3538 no·

54 3581 124 3656 miue3
152 3585 248 3644 asnis
273 3586 419 3645 monachis
444 3587 553 3646 invidie
582 3605 615 3646 55
639 3589 821 3648 aemulatione
848 3592 1010 3658 aecusatus,
1041 3584 1119 3658 qnod
1144 3585 1175 3642 15

54 3688 213 3750 macionibus
233 3691 392 3750 hereticam
413 3691 573 3751 doctrinam
593 3692 764 3764 predicavit,
786 3709 850 3752 eum
870 3688 1173 3764 evangeliumipsissi·

54 3803 111 3848 mum
129 3810 238 3868 semper
257 3792 437 3853 auditoribus
457 3771 655 3868 proposuerim
677 3812 768 3855 55555
786 3796 846 3868 jam
871 3797 905 3853 15
926 3795 956 3852 in
966 3792 1174 3854 obscurissimis

55 3896 190 3956 carceribus
210 3897 374 3969 detinetur,
402 3899 512 3958 calculo
533 3897 692 3958 miserrime
714 3900 871 3970 cruciatum
901 3898 926 3957 51
953 3898 1105 3957 ueritatem
1124 3893 1174 3953 ab·

56 4011 140 4070 555555
158 4003 308 4074 voluisset,
333 4004 394 4076 jam
419 4008 505 4062 antea
533 4001 635 4062 fnisset
662 4003 819 4076 liberatus,
846 4005 958 4075 atipse
979 4000 1175 4061 insanientis

55 4107 257 4168 consuetissimo
276 4113 453 4182 perseverat.

517 4211 688 4272 Secundum.
1205 4277 1213 4290 ι

117 4315 192 4386 Quod
211 4317 270 4376 dux
289 4318 320 4375 15
340 4334 393 4377 555
411 4319 599 4392 responsione
620 4317 728 4390 scribit,
750 4316 834 4376 adse
854 4316 1001 4389 negotium
1022 4313 1095 4372 illud
1115 4329 1172 4372 non

58 4417 185 4494 1115115555,
205 4419 388 4482 falsissimum
410 4425 469 4495 est;
495 4438 561 4481 nam
581 4437 667 4481 causa
686 4425 748 4482 1515
767 4420 916 4497 religionis
936 4419 974 4482 ad
993 4419 1096 4480 ducem
1115 4419 1172 4477 Ve-
