2830 5078
53 410 110 464 1560
574 418 632 478 241

51 583 175 641 Christum
195 589 225 642 et
247 583 323 643 hunc
343 585 528 659 crucifixum,
558 592 587 644 et
608 589 688 645 certe
709 588 758 660 qui
778 587 831 646 hoc
852 587 934 661 dicit,
968 588 1121 648 dummodo
1143 607 1178 648 ex

49 686 121 743 corde
144 687 218 745 dicet
248 694 278 746 et
303 704 370 749 uere
399 691 514 760 credat,
546 707 613 749 uere
643 693 773 750 ecciesiae
796 691 901 750 Christi
929 710 960 752 se
988 693 1122 766 adjungit
1150 701 1180 752 et

47 794 120 849 coetui
138 792 295 850 electorum
316 800 346 852 et
366 795 493 866 piorum;
520 793 659 865 disJungit
686 801 781 852 nutem
808 791 839 851 s‘e
860 795 897 854 ub
918 797 1039 854 ecclesio
1060 815 1177 871 corrup·

46 896 137 954 tissima
156 914 310 970 paparum,
339 913 433 970 uque
453 899 482 956 in
504 899 557 956 boc
577 899 640 971 ipso
668 899 892 970 praesentissimo
920 903 1022 960 mortis
1049 902 1178 975 periculo

46 998 123 1058 ieteor
142 1019 186 1060 me
209 1018 273 1059 esse
294 1003 409 1074 penitus
430 1002 685 1076 disjunctissimum
706 1010 794 1078 utque
816 1007 872 1063 iste
892 1013 1039 1066 contestor
1053 1009 1178 1066 moriens

49 1119 123 1162 curam
142 1105 209 1166 Deo
228 1107 326 1178 Patre,
347 1107 422 1166 Filio
444 1114 474 1164 et
494 1108 603 1180 Spiritu
625 1115 725 1166 sarrcto
747 1117 777 1167 et
797 1115 859 1168 toto
881 1110 995 1170 mundo.

107 1210 173 1268 Gum
197 1217 294 1270 autem
316 1227 371 1270 non
392 1212 537 1285 potuerim
564 1229 619 1286 ego
647 1213 719 1272 hanc
747 1213 959 1274 ordinationem
980 1217 1106 1276 scribere
1128 1223 1178 1276 nut

44 1313 224 1388 subscribere,
256 1321 369 1374 etcum
390 1317 553 1388 scriptasit
574 1333 658 1376 menn
680 1317 781 1376 Aloisii
803 1317 935 1378 habentis
956 1324 1114 1395 interesse,
1141 1341 1177 1402 ne

44 1422 95 1490 quis
113 1423 240 1480 cavillari
261 1423 364 1495 possit,
387 1424 440 1482 nisi
462 1423 521 1481 eliu
541 1423 715 1482 tdbibeetuu
735 1427 840 1496 cautio,
862 1427 997 1484 constitui
1018 1443 1120 1485 vocure
1141 1427 1176 1484 nui

41 1541 77 1581 me
96 1529 236 1585 notarium
258 1534 345 1600 atque
367 1527 407 1584 illi
428 1526 502 1586 lianc
523 1543 614 1586 meum
636 1529 775 1586 curtulum
793 1532 970 1602 consignare,
994 1536 1026 1587 ut
1047 1531 1109 1589 loco
1131 1547 1175 1588 so·

42 1629 128 1718 lemnis
147 1633 317 1690 testamenti
339 1631 453 1690 habeut.

99 1759 203 1814 Hinben
223 1777 277 1814 uon
298 1761 346 1814 des
365 1761 479 1828 herzogs
498 1761 587 1816 bend:
620 1761 698 1816 »bno
719 1763 820 1816 Fronte
839 1762 911 1816 Kurz
930 1761 982 1818 soll
1001 1765 1057 1818 dies
1076 1765 1178 1818 schmi-

41 1844 83 1897 ben
101 1847 153 1906 und
172 1845 267 1901 mihiel
289 1847 336 1901 des
355 1850 520 1902 testamenbs
541 1849 738 1904 vermurliclren
759 1849 934 1904 urrffheben.«

578 2105 624 2160 98.

330 2234 455 2320 Verger
477 2257 519 2300 en
542 2236 661 2320 herzog
684 2235 870 2320 Christoph.

360 2365 509 2438 Tbbingen
531 2368 550 2424 8
571 2367 744 2440 September
765 2367 851 2424 1560.

97 2487 240 2542 Berichtet
266 2487 335 2541 iiber
361 2487 437 2542 scine
467 2497 611 2556 genesun'g
639 2487 697 2540 und
724 2487 811 2541 bittet
834 2503 880 2539 um
905 2484 1077 2555 gewithrung
1101 2483 1177 2537 einen

39 2579 200 2637 unienthulhs
230 2583 260 2636 iu
289 2583 378 2636 einern
407 2583 522 2637 kloster.
565 2581 681 2637 Schiclrb
709 2583 791 2636 einen
820 2581 984 2635 tiirlrischen
1012 2580 1088 2633 hund
1114 2579 1175 2633 dem

38 2673 141 2740 prinzen
160 2677 313 2733 Eberhard.

106 2775 302 2834 illustrissime
324 2775 461 2849 Princeps
482 2781 512 2834 et
530 2775 653 2834 Domine
673 2776 795 2834 Domine
818 2773 1063 2834 Clementissime!

108 2882 214 2952 Accepi
229 2885 399 2938 reverenter
409 2880 524 2938 litterus
535 2879 719 2938 Gelsitudinis
731 2881 852 2951 Vestrae,
864 2877 946 2937 dutus
957 2879 986 2935 in
996 2875 1176 2936 Steinhilben

41 2978 81 3036 bie
101 2984 137 3039 28
157 2983 300 3054 Augusti,
332 2981 434 3056 quibus
459 2998 522 3040 cum
544 2981 615 3040 nihil
636 2980 697 3040 iere
718 2981 819 3040 luisset
840 2983 1027 3055 responsione
1049 2981 1176 3053 dignum,

38 3099 87 3141 non
106 3087 207 3158 putavi
229 3102 346 3144 necesse
367 3093 434 3145 ante
456 3089 509 3145 boc
530 3094 642 3160 tempus
662 3087 848 3160 respondere.
879 3088 1001 3161 Litterue
1016 3087 1092 3146 enim
1112 3085 1177 3144 illu·

38 3189 161 3249 strissimi
182 3191 211 3249 d.
234 3191 357 3249 Prussiae
388 3193 424 3250 ed
452 3209 497 3250 me
525 3194 617 3251 missae
645 3194 785 3265 privatam
814 3193 963 3250 materiam
992 3189 1178 3250 continebunt

38 3300 83 3350 unt
113 3296 257 3368 cujusdam
289 3296 461 3368 professoris
489 3298 709 3371 Regiomontani
722 3299 739 3354 ¹.
788 3297 871 3370 Quod
901 3297 936 3355 ed
968 3295 1176 3355 confessionem

39 3412 122 3457 neem
149 3409 280 3473 spectat,
313 3402 349 3459 sit
379 3404 442 3462 Deo
472 3404 583 3476 gloria,
616 3403 639 3460 si
664 3403 810 3460 Celsitudo
831 3401 936 3461 Vestra
956 3403 1081 3475 aliquem
1102 3401 1175 3458 scin-

39 3502 121 3561 tillam
149 3506 268 3577 spiritus
288 3507 396 3576 divini,
428 3508 474 3584 (ut
501 3509 537 3566 ud
558 3525 603 3566 me
624 3508 739 3580 scripsit
759 3525 812 3580 pro
832 3524 885 3565 sua
905 3505 1072 3572 clementio)
1093 3508 1122 3563 in
1143 3521 1178 3562 ea

41 3607 124 3682 uidit;
147 3613 172 3669 si
192 3613 272 3670 soleo
294 3628 409 3682 errare,
430 3631 495 3674 meu
516 3620 561 3672 est
581 3620 611 3673 et
631 3615 725 3671 carnis
746 3629 817 3670 meae
838 3627 926 3686 opero
949 3617 978 3669 et
999 3611 1127 3680 fructus,
1154 3610 1177 3665 si

39 3713 187 3781 quidboni
209 3715 283 3776 facio
305 3725 356 3776 aut
375 3720 479 3791 scribo,
501 3719 531 3777 id
552 3725 644 3779 totum
665 3721 695 3776 in
716 3719 808 3777 Deum
830 3716 935 3776 refero.

113 3821 155 3877 Ad
175 3821 368 3880 valetudinem
389 3821 466 3893 quod
486 3822 600 3893 attinet,
622 3821 746 3878 decubui
767 3836 869 3877 nouem
891 3818 1059 3891 septimanis
1085 3818 1177 3874 incre-

39 3917 115 3978 dibili
134 3923 252 3996 quadam
272 3925 415 3996 molestie,
436 3925 536 3984 labore
558 3931 587 3982 et
608 3925 771 3996 tormentis,
801 3929 916 3996 sumptu
936 3937 1005 3980 vero
1026 3926 1123 3992 tanto,
1145 3927 1178 3978 ut

39 4037 103 4080 eum
120 4029 238 4088 tolerare
258 4031 344 4103 plane
365 4007 617 4106 non'potuissern,
644 4033 699 4088 nisi
725 4049 770 4089 me
792 4029 990 4088 Illustrissimc
1011 4026 1176 4085 Dominet-lo

38 4124 138 4187 Vestra
156 4132 197 4189 uti
218 4133 357 4192 nutricius
385 4119 496 4206 piorum
525 4139 723 4194 sustentasset.
763 4134 847 4192 Nunc
878 4111 981 4192 medici
1012 4131 1175 4199 consulunt,

38 4235 71 4285 ut
101 4239 187 4294 aerem
215 4244 324 4296 mutem
352 4243 382 4294 et
411 4241 522 4295 tentum
554 4253 599 4294 me
630 4252 781 4295 exerceam
812 4225 986 4307 curemque,
1017 4233 1175 4292 restituere

595 4355 609 4390 ss

110 4445 190 4502 lber
207 4451 343 4520 professor
363 4449 427 4505 hiell
448 4449 538 4504 David
558 4449 646 4506 Voitt.
683 4449 709 4502 S.
728 4449 789 4502 Sixt
808 4468 828 4501 s.
849 4451 907 4502 554.

93 4547 177 4602 verger
935 4545 967 4597 16
