2852 5076
64 375 124 430 1555
598 379 657 440 105

58 550 163 610 missam
189 549 227 610 ad
254 565 300 610 me
328 567 365 610 ex
385 550 472 610 ltalia
498 565 516 609 5
545 550 607 608 5155
632 547 792 622 55515515;
824 553 870 608 551
897 547 1012 608 omniuo
1039 547 1147 624 aliquid
1167 548 1197 608 in

59 668 105 724 ea,
134 653 208 726 quod
228 653 286 712 erit
306 651 467 712 habendum
489 652 525 711 ob
546 650 644 710 oeulos
665 649 836 710 durantibus
861 652 905 712 115
929 654 1060 713 55511115.
1100 653 1196 714 Audio

57 758 192 831 expectari
219 757 257 818 ad
284 756 373 816 litora
392 753 486 815 Italia
507 755 560 814 XL
581 757 716 814 triremes
736 754 813 828 regia
833 753 1000 818 Galliarum.
1040 757 1125 818 Pax¹
1145 758 1196 818 ad·

56 866 271 937 hermantiam,
292 865 345 924 aed
366 880 423 923 555
444 877 547 936 magna
568 879 627 936 555.

123 969 262 1029 01155155
287 968 496 1030 celsitudinem
522 969 657 1028 Vestram
683 966 1038 1042 55515555015151555,
1066 973 1099 1026 51
1125 967 1197 1026 velit

60 1091 110 1133 5555
128 1091 238 1135 memor
259 1074 382 1134 duorum
409 1075 587 1164 captivorum
618 1075 802 1134 innocentum
815 1072 835 1132 ¹.
876 1072 1050 1134 commendo
1076 1087 1123 1132 me
1149 1087 1195 1132 re·

58 1183 187 1238 verenter.

122 1309 301 1385 Stutgardiae
322 1309 420 1370 XVIII
440 1311 541 1370 Martii
562 1309 648 1371 1555.

952 1441 1116 1516 Vergerina.

583 1713 655 1770 26a.

551 1858 692 1946 Beilage.

116 2015 236 2084 Zeitung
254 2032 304 2069 555
322 2015 400 2071 Rom.
437 2003 512 2071 Uber
529 2015 575 2071 die
593 2015 768 2088 balagerung
786 2032 841 2071 ron
860 2015 944 2072 Sienu
968 2015 1026 2070 und
1045 2016 1099 2071 den
1118 2013 1194 2069 libri*

57 2125 103 2178 gen
119 2109 380 2183 krieganalranplatu
396 2111 426 2166 in
446 2111 556 2168 1151155.

371 2235 472 2294 Romae
491 2233 541 2294 die
564 2237 599 2293 19
620 2233 750 2294 Januarii
775 2233 858 2293 1555.

122 2340 191 2400 (ium
213 2341 326 2400 decima
347 2345 376 2399 et
396 2340 547 2398 undecima
567 2341 699 2400 Ianuarii
727 2345 793 2400 5515
813 2337 978 2398 bombardia
998 2336 1099 2412 positis
1117 2339 1194 2398 inter

55 2451 153 2516 portam
173 2446 281 2506 ovilem
302 2453 331 2505 et
351 2444 447 2504 diuum
461 2445 647 2506 FraneIeanm
663 2446 791 2506 marchio
805 2445 1037 2518 MarIgnanensis
1052 2442 1193 2504 Seuerum

55 2549 286 2622 oppugnationem
312 2563 466 2622 aggressus
493 2547 585 2622 55551,
613 2549 700 2607 etiam
729 2549 786 2607 250
806 2547 906 2620 globos
927 2547 1004 2608 esae't
1024 2549 1193 2622 ejaculantur,

56 2650 94 2711 die
114 2656 147 2711 12
168 2653 379 2726 expectabatur
404 2655 490 2725 longe
517 2651 716 2712 vehementior
743 2654 933 2727 oppugnatio,
951 2637 997 2711 ’51
1024 2653 1060 2710 25
1083 2652 1135 2710 ant
1154 2653 1193 2711 30

55 2737 214 2819 bombardae
233 2759 325 2834 priori
344 2774 465 2818 numero
485 2757 633 2820 addendae
654 2757 819 2830 putabatur.
853 2758 894 2816 Ab
912 2756 1087 2836 bombardae
1106 2757 1191 2815 55515

55 2871 156 2924 areatas
177 2870 208 2924 et
227 2869 308 2924 retro
327 2865 468 2924 abductae
482 2881 583 2924 versus
594 2865 752 2924 exereitum
762 2863 1028 2923 animaduerterunt
1039 2862 1192 2936 Semanous,

56 2972 80 3025 51
96 2969 160 3030 1515
180 2976 284 3043 postea
303 2985 403 3030 versus
423 2975 520 3028 eastra
550 2986 583 3030 55
612 2971 789 3028 munimenta
815 2983 919 3041 magna
948 2967 1100 3027 eeleritate
1125 2983 1192 3039 pro·

57 3088 155 3144 groseas
177 3091 251 3134 5555.
292 3073 366 3132 Item
386 3075 531 3133 exereitus
551 3073 615 3146 ille,
642 3073 691 3147 551
711 3071 741 3131 15
761 3089 864 3146 eampo
885 3088 936 3132 sno
956 3072 1084 3130 tentoria
1104 3071 1192 3130 babe-

57 3176 108 3252 bat,
128 3181 157 3238 in
177 3180 355 3241 munimenta
376 3185 406 3238 51
433 3187 527 3238 eastra
548 3197 579 3238 55
601 3181 727 3252 recepit,
756 3179 837 3252 eujus
858 3183 938 3238 55515
958 3177 1070 3237 5511155
1090 3193 1124 3237 55
1144 3192 1192 3236 55-

57 3283 101 3342 luti
118 3284 192 3361 fugae
214 3286 322 3344 5511555
342 3285 485 3344 85555555
507 3301 620 3344 oausam
641 3283 787 3344 habebant
809 3285 995 3357 exploratam.

122 3391 193 3448 Item
222 3407 259 3449 ex
284 3390 463 3451 Montaloino
489 3391 635 3464 scribunt,
667 3391 826 3449 adrianum
850 3389 1021 3463 Baglionem
1049 3407 1113 3447 oum
1140 3405 1192 3448 555

58 3496 177 3564 55551115
197 3496 228 3555 15
249 3496 441 3570 Lunigianam
461 3499 608 3570 regionem
629 3494 790 3569 5551551555
811 3511 889 3568 5555,
916 3501 946 3554 51
965 3499 1073 3569 praeter
1092 3495 1193 3567 15555-

58 3601 106 3657 tem
121 3601 314 3672 jumentorum
334 3602 471 3674 praedam,
492 3602 590 3662 hostes
609 3602 762 3677 plurimum
783 3601 942 3661 divexaase.

123 3706 193 3766 Item
207 3707 344 3766 Aurelius
364 3707 520 3780 Fregoeius
540 3708 645 3766 multos
666 3707 831 3780 capitaneos
851 3707 1050 3778 constituerat,
1071 3705 1120 3778 qni
1141 3718 1191 3777 pe·

59 3805 121 3868 11155
138 3813 242 3870 multos
262 3811 447 3884 colligerent3
469 3829 506 3871 ex
525 3828 582 3886 quo
602 3811 685 3880 155115
702 3813 858 3884 5551551551
878 3812 955 3878 lieet,
977 3807 1192 3900 expeditionem

60 3909 168 3986 aliquam
193 3932 258 3974 esse
286 3914 462 3989 leniendam
493 3916 672 3990 potissimum
697 3931 766 3975 vero
794 3933 856 3976 oum
884 3915 996 3975 Gallica
1026 3915 1125 3974 olaeeie
1155 3913 1193 3973 ad

60 4014 212 4080 Seneneium
230 4027 355 4096 portum,
375 4025 425 4096 551
435 4023 569 4082 Herculis
590 4023 702 4096 dieitur,
723 4023 753 4081 in
771 4023 833 4082 dies
854 4025 1031 4094 expectetur.

125 4125 194 4185 Item
218 4129 326 4186 11115555
353 4145 389 4186 ex
408 4127 532 4200 Neapoli
554 4128 672 4186 Romam
703 4127 796 4186 missae
824 4125 973 4196 nuntiant,
1002 4127 1037 4185 13
1058 4122 1191 4184 11555511

610 4257 625 4292 ‘l‘

122 4357 134 4407 l
154 4356 711 4429 151551555185551555511555155151.
748 4361 812 4431 Vgl.
832 4361 873 4415 br.
893 4379 919 4414 n.
941 4363 982 4416 15.

122 4441 136 4498 2
152 4441 214 4519 Vgl.
231 4445 274 4502 br.
293 4462 319 4502 5.
342 4445 382 4502 17.
