2862 5080
84 363 140 420 1563
605 369 666 428 383

79 543 161 594 umen
179 536 328 609 pecuniam
347 535 541 596 concreditam
556 551 700 609 nunquam
716 538 884 595 numerarit.
916 537 1039 596 Videtur
1052 539 1128 598 enirn
1146 555 1210 598 curu

77 641 161 711 jndice
180 637 308 714 Lipsens‘i
329 642 490 708 colludere,
519 648 551 700 ut
573 642 681 700 trullum
702 641 782 700 aliud
805 644 843 700 sit
863 641 1039 712 remedium,
1067 660 1151 716 quium
1172 643 1211 702 ad

15 741 18 760 '
78 745 283 804 illustrissimum
305 745 436 806 Saxoniae
457 745 560 806 ducem
580 762 751 818 accurrere,
778 749 826 819 qui
847 763 899 804 sua
925 749 1082 806 autoritate
1109 755 1138 808 et
1160 749 1210 821 ju·

79 851 147 908 stitia
163 859 316 910 succurrat.
358 853 452 924 Quare
474 852 581 910 domini
602 851 720 910 Lituadi
746 857 833 925 atque
855 868 912 910 una
932 851 959 908 d.
981 852 1152 910 Valentinus
1172 852 1209 910 ad

77 971 145 1012 suam
178 955 397 1013 illustrissimam
435 953 634 1014 celsitudinem
670 955 789 1015 mittunt
825 955 1041 1029 supplicantque
1072 956 1209 1016 illustris·

77 1059 143 1116 sirnae
162 1059 331 1118 eelsitudini
352 1059 480 1130 Vestrae,
509 1065 540 1117 ut
566 1043 703 1130 dispuetur
730 1077 830 1118 eorum
852 1076 967 1118 causam
993 1059 1204 1118 commendare.

76 1162 299 1238 Conscripserunt
319 1179 387 1224 vero
398 1164 646 1237 supplicationem,
668 1180 753 1237 quam
765 1163 884 1236 cupiunt
900 1163 1006 1222 litteris
1019 1163 1124 1236 inseri3
1147 1164 1208 1237 ipse

76 1283 142 1337 vero,
162 1287 244 1344 quem
267 1271 340 1340 diui,
368 1269 396 1328 d.
417 1269 588 1328 Valentinus
616 1270 766 1328 constituit
791 1275 850 1328 met
877 1267 914 1328 ad
935 1269 1158 1328 illustrissimum
1179 1269 1207 1328 d.

74 1371 191 1432 Saxonis
212 1374 313 1433 ducem
335 1379 453 1448 propter
474 1373 548 1432 hanc
568 1391 681 1432 causam
701 1373 851 1434 accedere.
893 1373 967 1432 Tota
994 1389 1063 1432 vero
1089 1389 1156 1446 spes
1179 1376 1208 1432 in

73 1476 172 1534 Vestra
191 1479 395 1537 illustrissima
417 1475 603 1536 celsitudinis
623 1478 872 1538 commendatione
894 1480 1039 1549 consistit,
1065 1495 1150 1552 quarn
1172 1496 1208 1538 ne

72 1581 133 1638 velit
151 1598 265 1654 negare,
286 1582 374 1640 iidem
395 1582 421 1640 d.
443 1582 560 1642 Lituani
583 1587 613 1640 et
635 1599 689 1655 ego
710 1589 881 1642 reverenter
901 1585 1095 1657 supplicemus
1116 1583 1207 1642 lrurni-

71 1683 131 1744 liter
154 1703 184 1746 se
211 1687 455 1746 commendantes.
496 1688 556 1746 Pax
587 1693 618 1746 et
643 1688 738 1761 gratia
764 1689 871 1747 domini
896 1690 987 1747 nostri
1008 1689 1079 1748 Jesu
1102 1689 1208 1748 Christi

71 1806 126 1848 cnm
144 1791 203 1850 illa.

140 1895 279 1967 Tubingae
300 1900 318 1954 4
338 1895 447 1968 Aprilis
470 1897 555 1954 1563.

288 1999 493 2058 illustrissimae
515 1981 702 2060 celsitudinis
722 2001 835 2060 Vestra
857 2003 982 2060 servitor

962 2102 1128 2176 Vergerius.

603 2356 666 2412 179.

363 2485 487 2574 Verger
510 2509 553 2551 an
574 2485 693 2572 herzog
716 2485 901 2570 Chrisioph.

430 2616 579 2690 Tdbingen
603 2621 619 2674 7
641 2617 723 2690 April
747 2617 831 2674 1563.

126 2738 247 2809 Vergers
265 2735 361 2792 frende
379 2736 447 2790 iiber
462 2736 516 2791 den
529 2735 634 2792 frieden
648 2735 677 2789 in
690 2735 879 2800 Frankreich3
898 2736 1039 2792 berichtet
1056 2737 1123 2795 ilber
1142 2740 1201 2794 sein

65 2834 143 2902 buch;
162 2836 237 2892 hefft
254 2854 291 2892 au
310 2837 404 2890 osteru
424 2833 576 2903 Christoph
594 2853 628 2888 zu
649 2834 743 2890 sehon.

133 2935 332 2994 illustrissime
352 2935 490 3008 Princeps
511 2941 541 2990 et
560 2932 683 2992 Domine
704 2934 826 2992 Domine
848 2932 1091 2991 Clernoutissimo!

133 3039 267 3108 Gaudeo,
288 3039 427 3110 gratulor,
448 3037 540 3105 lator,
562 3037 670 3096 utinam
685 3036 820 3096 haberem
836 3037 920 3110 plura
932 3035 1095 3108 hujusmodi
1108 3035 1205 3106 verba,

61 3142 155 3212 quihus
177 3151 279 3202 uterer
299 3145 328 3201 in
349 3142 402 3200 hac
423 3139 582 3200 occasione.
622 3142 717 3202 Audio
745 3143 830 3213 enim,
856 3140 1047 3199 liberatume
1075 3141 1207 3202 custodia

60 3244 238 3316 tlondetum,
268 3264 367 3320 pacem
395 3263 457 3304 esse
485 3244 589 3306 iactam
616 3263 680 3305 cum
704 3264 807 3320 magno
828 3244 970 3318 evangelii
991 3245 1071 3304 lucro
1085 3246 1103 3304 ¹.
1144 3247 1205 3306 Imo

60 3350 150 3424 audio,
172 3368 239 3410 eam
260 3353 296 3410 ob
318 3367 431 3409 causam
453 3367 584 3422 magnam
605 3350 784 3409 dominorum
797 3350 973 3410 Venetorum
993 3357 1105 3423 partem
1126 3368 1205 3410 man-

57 3455 122 3516 sisse
142 3457 199 3515 hoc
220 3455 320 3514 nuntio
342 3457 431 3514 veluti
452 3461 645 3528 prostratam,
667 3457 866 3514 antichristum
887 3471 957 3514 vero
977 3455 1136 3514 miserrime
1157 3473 1207 3514 ex·

623 3557 639 3590 ’lt

124 3637 136 3690 l
159 3634 256 3691 Cende
276 3651 335 3688 war
354 3633 384 3687 in
403 3634 452 3687 der
464 3632 593 3690 schlacht
606 3633 651 3688 bei
665 3635 757 3689 Dreux
771 3636 803 3689 19
817 3635 972 3690 December
985 3635 1052 3690 1562
1065 3635 1205 3707 gelangen
1236 3681 1241 3690 .

56 3723 163 3777 worden
187 3722 244 3776 und
266 3721 361 3776 wurde
381 3721 467 3775 durch
487 3722 540 3776 den
566 3721 674 3776 frieden
693 3739 748 3777 von
768 3722 898 3778 Amboise
922 3723 955 3792 (s.
974 3741 1000 3776 n.
1022 3723 1083 3792 176)
1102 3723 1206 3777 wieder

57 3807 110 3862 lrei.
143 3797 286 3878 Ubrigens
305 3809 404 3863 hutten
425 3809 470 3863 die
489 3811 684 3878 protestantes
703 3809 786 3865 keine
799 3809 925 3873 ursache,
945 3809 1012 3866 iiber
1029 3809 1123 3866 diesen
1142 3809 1205 3865 frie-

56 3894 105 3947 den
124 3913 157 3949 zu
177 3895 382 3964 triurnphireu,
409 3895 483 3948 deno
502 3912 532 3950 er
550 3895 694 3964 gewhhrte
712 3895 798 3950 ihnen
818 3896 898 3950 nicht
917 3897 980 3970 dae,
1008 3913 1066 3952 was
1087 3897 1126 3951 sie
1144 3911 1206 3950 ver·

55 3987 133 4051 mdge
153 3983 207 4036 der
226 3981 331 4044 machi,
349 3980 395 4035 die
413 3981 452 4036 sie
472 3981 589 4044 hatten,
616 3981 729 4037 fordern
748 3982 889 4048 konnten3
917 3983 965 4039 der
983 3983 1055 4038 hehe
1075 3983 1138 4039 adel
1158 3983 1205 4039 be-

55 4066 116 4122 iram
143 4065 308 4137 gewissens·
332 4067 390 4120 und
415 4066 619 4122 cultusireiheit
646 4067 690 4121 liin·
719 4069 777 4123 sich
804 4069 861 4122 und
887 4071 963 4126 seinc
990 4069 1129 4134 vasallen,
1157 4068 1206 4124 der

55 4153 165 4209 predere
185 4154 231 4208 rar
250 4153 295 4208 ua
313 4135 454 4218 nimiunn,
483 4153 528 4208 uie
553 4155 751 4224 burget-lichen
779 4173 831 4210 nur
849 4157 1113 4234 genumanhorum
1120 4178 1127 4221 ;
1149 4157 1205 4219 ,ear

54 4241 290 4306 protestantische
318 4240 505 4312 gottesdienst
529 4242 623 4296 wrrrde
650 4261 703 4296 nur
728 4243 764 4298 da
790 4243 917 4308 erlaubt,
948 4261 990 4297 wo
1020 4260 1050 4298 er
1076 4243 1118 4296 bis
1142 4260 1204 4296 zum

54 4327 76 4379 7,
94 4329 173 4383 Mara
193 4327 347 4382 hestauden
366 4327 455 4381 hatte.
484 4328 603 4398 Coligny
615 4345 673 4382 war
691 4329 744 4382 mit
764 4330 827 4384 dem
847 4331 964 4384 reschen
983 4327 1204 4386 friedeusschlull

53 4415 107 4468 und
126 4416 226 4471 diesen
244 4415 447 4486 bedingnngen
467 4432 519 4483 gar
537 4415 616 4470 nicht
634 4415 859 4470 einverstanden.
