2830 5078
39 377 99 429 1559
554 383 616 445 209

103 547 179 620 Quod
200 549 235 606 nd
256 550 372 608 tertium
393 551 493 623 scripti
516 529 602 610 vestri
628 561 713 627 eaput
741 555 861 628 attinet,
891 573 946 615 non
976 557 1162 618 recordamur

36 651 204 712 confessionis
224 653 301 725 fidei,
323 670 407 727 quem
428 672 445 712 5
465 657 570 715 oomite
591 656 668 715 iulio
691 657 726 717 de
748 658 859 718 Thiene
883 660 956 720 italo
978 659 1060 720 nobis
1082 663 1163 720 exhi·

36 757 109 814 bitum
128 757 258 816 scribitis.
301 757 363 830 Qua
382 761 471 832 prins·
484 777 541 818 non
563 762 625 820 viee
645 769 675 820 et
696 765 820 837 cognite,
843 771 966 824 vestram
988 765 1024 823 sd
1046 765 1162 838 petitio-

35 847 192 920 nem'miuus
213 863 389 935 respondere
411 867 563 936 potuimus.
605 865 688 924 Detae
714 871 725 922 l
750 867 819 924 Meii
841 884 916 926 enno
938 869 984 926 59.

565 1163 612 1218 83.

316 1287 438 1373 Verger
462 1312 504 1353 en
526 1290 646 1374 herzog
668 1288 854 1373 Christoph.

397 1427 548 1502 Tubingen
574 1434 585 1485 l
609 1429 668 1487 Mei
693 1432 776 1486 1559.

88 1558 182 1628 liinige
196 1558 493 1628 bdoherneuigkeitom
513 1559 645 1630 wiiusoht
653 1559 725 1614 uuob
738 1561 889 1630 Augsburg
902 1559 993 1614 reieen
1006 1579 1037 1614 zu
1052 1561 1162 1618 diirfen.

93 1664 286 1727 illustrissime
308 1667 447 1740 Princeps
470 1673 499 1726 et
520 1669 642 1727 Domine
664 1669 786 1726 Domine
808 1668 1053 1726 Clementissime!

92 1768 175 1827 Venit
195 1770 234 1826 ed
256 1787 300 1828 me
322 1771 380 1842 iile,
402 1787 485 1844 quem
508 1771 620 1830 Vestrue
642 1771 814 1830 celsitudini
835 1771 895 1830 dixi
916 1787 961 1830 me
983 1781 1160 1845 exspectare,

29 1872 65 1941 qni
89 1872 174 1930 vellet
200 1891 247 1932 me
268 1876 298 1931 in
319 1873 448 1933 Suetium
476 1876 591 1934 ducere.
634 1876 788 1949 Respondi,
819 1893 864 1934 me
895 1873 972 1934 nolle
1004 1876 1158 1950 quidquam

29 1979 153 2049 statuere,
185 1979 243 2036 nisi
270 1981 351 2049 prius
378 1985 468 2040 totam
496 1995 556 2038 rem
583 1979 728 2040 oouieram
755 1997 817 2040 oum
839 1981 943 2039 Vestre
963 1979 1159 2045 celsitudine:

29 2079 104 2138 dimisi
125 2083 279 2155 hominem,
301 2085 349 2156 qui
372 2084 454 2152 dixit,
475 2101 506 2142 se
527 2086 564 2144 ed
585 2101 630 2144 me
652 2086 812 2144 rediturum
833 2102 886 2158 pro
906 2101 1053 2158 responso.
1091 2083 1160 2142 Oar-

28 2181 113 2243 dinelie
132 2189 321 2260 Augustanus
338 2191 347 2221 ¹
366 2190 470 2250 librum
493 2189 584 2249 edidit
604 2207 656 2250 suo
677 2191 791 2248 nomine
813 2189 1027 2260 stultissimum,
1054 2187 1162 2247 sohede

27 2291 118 2349 incluse
138 2292 301 2353 continebit
320 2312 407 2352 unum
435 2313 472 2354 ex
498 2291 654 2367 capitibus'3
684 2295 759 2352 iiber
787 2299 832 2353 est
858 2294 1016 2367 impressus
1036 2292 1161 2366 Diiingae

27 2393 68 2452 hoo
84 2397 142 2469 ipso
163 2413 252 2467 anno,
273 2398 375 2457 titulus
397 2409 440 2456 est
462 2382 686 2458 »Treotetus'de
702 2397 898 2456 celebratione
914 2399 1083 2455 missurum«
1105 2404 1160 2456 eto.

27 2495 81 2557 Fuit
99 2501 143 2560 hie
164 2501 268 2560 doctor
287 2502 557 2562 JaoobusAndrees
571 2500 699 2572 Fnber',
721 2504 766 2560 oui
788 2499 864 2573 dedi,
886 2508 916 2560 ut
939 2507 1060 2560 exornet
1080 2516 1160 2560 suem

26 2602 208 2670 pretationem
229 2604 258 2662 in
280 2605 352 2664 dues
372 2607 532 2674 conciones,
555 2621 675 2679 querum
696 2606 789 2664 alteru
809 2611 855 2662 est
875 2605 911 2664 de
937 2620 1020 2664 ooene
1034 2605 1159 2664 Domini.

87 2708 198 2768 Iterum
219 2717 295 2781 peto,
318 2716 350 2768 ut
370 2711 459 2770 lineet
478 2711 556 2783 mihi,
578 2711 680 2770 saltem
701 2728 753 2782 per
774 2717 833 2768 tres
854 2709 997 2768 duurtuxut
1016 2709 1079 2768 dies
1099 2712 1159 2768 Au·

23 2819 97 2882 gustae
124 2832 192 2874 esse
221 2817 389 2875 clanculum.
430 2816 546 2876 Furium
577 2821 691 2886 tomen,
724 2815 801 2888 quod
825 2799 932 2872 Vestro
960 2813 1156 2874 illustrissime

24 2912 156 2978 Celsitudo
177 2898 314 2992 jusserim
345 2937 397 2991 pro
419 2921 498 2980 nullo
526 2938 590 2980 meo
617 2920 765 2979 commodo
792 2919 926 2980 desidero
954 2920 1071 2989 venire,
1104 2915 1155 2974 sed

24 3035 64 3088 pro
82 3024 175 3094 gloria
194 3023 258 3082 Dei.

88 3130 264 3194 Commendo
287 3147 331 3189 me
352 3129 445 3206 ejdem
466 3134 643 3188 reverenter.

86 3238 226 3310 intingue
248 3235 377 3295 colendis
397 3234 468 3292 Mnii
492 3234 575 3292 1559.

913 3333 1080 3404 vergeriue.

562 3599 609 3656 84.

306 3746 432 3833 Verger
454 3769 496 3810 un
520 3746 640 3829 herzog
663 3740 851 3824 Christoph.

394 3881 544 3954 Tttbingen
565 3884 583 3938 2
604 3879 664 3938 itini
689 3879 774 3936 1559.

82 4013 271 4084 Neuigkeiten
289 4029 338 4068 eus
350 4009 480 4080 EngIand
499 4007 556 4062 und
570 4007 728 4076 Tibingen.
758 4001 917 4057 Besohwert
938 3998 996 4052 sich
1016 4000 1086 4051 iiber
1105 3997 1159 4049 deu

24 4107 174 4178 lungsemon
192 4109 282 4165 drnok
302 4109 392 4163 seines
411 4105 517 4160 bnohes
536 4119 627 4174 gegen
648 4099 756 4156 Hosius.

87 4338 141 4391 lS.
158 4339 197 4392 br.
216 4357 244 4392 n.
263 4338 307 4390 20.

86 4425 101 4475 2
118 4425 142 4479 S.
159 4445 185 4481 n.
207 4429 249 4480 14.

71 4505 156 4578 Vereor
