2910 5080
77 369 136 425 1554
609 375 650 436 69

76 542 257 606 conventum·
274 546 333 618 jam
362 546 529 616 mittuntur,
555 543 652 603 remisi
674 541 725 602 illi.
766 543 830 620 Ego
849 551 946 606 sutem
966 545 1023 622 (ita
1044 549 1076 606 ut
1096 545 1202 621 deluso)

73 651 171 710 vestroe
198 650 349 710 sententie
376 650 491 710 omnino
519 651 687 723 acquiesco,
718 647 895 725 seruaboque
927 649 1004 724 apud
1033 664 1079 708 me
1106 651 1201 708 omnia

74 756 167 828 scripta
186 760 216 813 et
235 754 293 812 alia
313 754 399 813 etiam
420 755 539 829 parabo,
561 755 664 829 quibus
686 755 777 814 nostri
792 757 835 814 utl
849 757 967 830 possint,
988 771 1074 828 quum
1086 755 1200 815 occasio

73 860 232 918 comitiorum
253 857 412 918 advenerit.
443 862 561 919 Interea
580 847 776 919 illustrissima
792 861 896 920 Vestra
910 859 1074 919 Dominatio
1095 863 1199 933 gustet,

76 979 119 1035 qua
134 963 285 1021 virulentia
305 969 335 1022 et
354 964 435 1024 rabie
456 967 564 1038 scripta
584 963 673 1024 luerit
692 965 728 1024 ad
751 963 894 1024 Gaesarem
921 964 958 1023 ab
984 963 1034 1023 illo
1054 961 1200 1022 cardinale

75 1069 161 1138 oratio3
191 1065 274 1125 mitto
296 1067 371 1126 enim
393 1067 437 1128 hic
458 1069 641 1143 adjunctam,
674 1074 761 1143 atque
787 1085 844 1128 una
869 1069 1086 1128 instinctionem
1107 1067 1199 1140 mitto,

73 1172 91 1227 si
108 1170 172 1230 forte
193 1172 342 1231 videretur
361 1173 398 1230 ad
419 1171 531 1247 legatos
547 1173 673 1246 vestroe,
695 1173 731 1232 ad
753 1189 824 1247 quos
844 1173 947 1231 missus
967 1177 1012 1232 est
1031 1169 1114 1240 liber,
1134 1169 1199 1230 mit·

73 1273 171 1331 tendam
192 1289 271 1345 esse3
304 1290 369 1332 nam
390 1289 491 1347 parum
519 1281 638 1347 possunt
664 1275 821 1350 proficere,
853 1276 877 1334 si
898 1275 1002 1334 librum
1023 1273 1200 1334 habeantet

72 1377 210 1449 historiam,
231 1395 297 1450 quse
318 1377 355 1436 ad
375 1377 480 1438 librum
500 1381 637 1452 pertinet,
658 1382 802 1454 ignorent.
834 1379 897 1453 Ego
913 1379 975 1438 dies
993 1385 1081 1452 atque
1102 1383 1201 1438 noctes

73 1480 148 1553 (Deus
166 1482 233 1558 scit)
254 1481 381 1541 meditor
401 1487 431 1541 et
451 1481 551 1541 laboro
572 1484 601 1540 in
622 1497 710 1542 causa
729 1481 829 1540 dilecti
850 1481 902 1540 tilii
923 1480 967 1539 sui
982 1479 1089 1540 domiui
1109 1475 1201 1537 nostri

72 1581 222 1642 lesuehristi
243 1589 274 1642 et
295 1601 390 1658 spero,
411 1589 508 1656 gratos
528 1585 570 1642 illi
592 1600 655 1646 esse
677 1585 789 1644 labores
806 1601 893 1657 meos,
915 1588 983 1658 quia
997 1599 1031 1642 eo
1046 1581 1201 1654 instigante
1288 1571 1291 1578 ’

73 1701 147 1744 ame
172 1688 375 1761 suscipiuntur.
416 1687 591 1746 Commendo
621 1705 665 1748 me
697 1695 867 1749 reverenter
896 1689 998 1762 pietati
1028 1693 1057 1746 et
1086 1687 1202 1748 ceritati

73 1787 239 1849 delsitudiuis
262 1791 382 1849 Vestrae.
423 1792 561 1851 Dominus
587 1793 673 1851 deses
693 1799 789 1850 servet
809 1809 872 1852 eam
900 1811 918 1852 a
945 1792 1020 1850 malo
1047 1807 1111 1851 cum
1137 1795 1201 1850 tota

72 1889 162 1952 familia
179 1901 210 1952 et
229 1911 330 1968 regno.

136 1996 269 2070 tubingae
292 1998 363 2056 XIX
385 1998 468 2070 April
491 1999 573 2054 1554.

958 2099 1120 2173 largerius

604 2361 648 2414 11.

359 2479 482 2567 Verger
506 2503 548 2546 an
570 2480 688 2566 herzog
711 2473 913 2564 Christoph.'

422 2593 568 2664 Stuttgart
588 2595 625 2652 26
646 2593 720 2666 Aug.
745 2593 828 2651 1554.

128 2699 315 2754 Naohriohten
335 2698 402 2752 iiber
421 2697 474 2752 den
493 2692 575 2766 krieg
593 2696 622 2750 iu
642 2694 761 2758 ltslieu,
782 2695 827 2749 die
846 2694 1030 2768 ausbreitung
1049 2696 1096 2751 des
1114 2713 1199 2754 evan·

72 2792 172 2860 galiums
189 2794 219 2848 in
237 2795 378 2856 Locutus,
405 2792 459 2847 den
479 2790 667 2860 mitrtyrerdod
686 2807 742 2846 von
760 2790 921 2845 Frauziseus
940 2791 1047 2846 Gemba
1066 2791 1095 2846 in
1115 2791 1199 2848 Corne

73 2888 117 2941 und
134 2889 257 2946 Sleidens
275 2888 444 2960 geschichte.

128 2985 301 3055 (Theilueise
321 3001 375 3040 von
393 2983 526 3054 Optasset
546 2981 589 3038 bis
608 2961 753 3054 pertinent
771 2982 917 3052 gedruclrt.
953 2981 1059 3039 Sattler
1078 2983 1126 3050 111,
1145 2984 1200 3052 to.)

136 3083 330 3142 lllustrissirne
352 3089 381 3140 et
402 3081 641 3140 excellentissime
656 3080 794 3152 Princeps
815 3086 844 3138 et
859 3079 981 3139 Domine
992 3080 1114 3140 Domine
1134 3097 1199 3154 gra·

73 3185 219 3246 tiosissime!

135 3291 225 3350 Hodie
252 3309 288 3349 ex
316 3289 478 3363 Armentiue
504 3291 602 3362 accepi
631 3289 761 3361 quaedam
792 3303 883 3358 nova,
914 3291 1011 3361 itaque
1038 3289 1136 3362 putavi
1165 3306 1200 3347 ea

74 3397 291 3455 communicando
320 3393 491 3453 celsitudini
519 3393 649 3460 Vestra,
680 3393 747 3463 quin
777 3392 913 3465 ipsasmet
942 3393 1056 3474 litteras
1083 3394 1199 3452 mitten·

74 3494 126 3567 das,
153 3517 220 3571 quas
240 3500 266 3558 d.
289 3497 463 3558 Sleidonus¹
483 3497 521 3556 ed
541 3513 595 3556 me.
637 3497 818 3566 interpretor
838 3495 945 3567 locum,
975 3495 1023 3554 ubi
1052 3496 1087 3554 de
1108 3497 1197 3556 Petro

406 3675 412 3680 ᾖ
617 3624 633 3657 Ι

75 3707 129 3764 dum
146 3714 252 3770 scholiis
270 3713 436 3776 Athanasii3
464 3711 647 3774 Athanasius,
674 3711 751 3766 einer
777 3711 826 3766 der
850 3709 1066 3766 verschiedeuan
1084 3712 1200 3782 pseudo·

75 3811 159 3864 hymen
176 3801 303 3872 vergere,
322 3819 343 3855 s.
363 3801 459 3870 Serap.
478 3818 498 3853 s.
517 3800 560 3853 82.
579 3817 606 3852 n.
625 3800 667 3854 60.

130 3887 243 3944 owchl
262 3891 308 3946 die
329 3889 523 3958 Noumburger
543 3887 698 3948 conferens,
727 3905 758 3938 uu
784 3887 834 3941 der
857 3886 925 3942 aber
944 3886 989 3942 die
1009 3886 1200 3942 wiirthomber·

77 3967 172 4035 giechen
189 3977 345 4046 gerendten
365 3993 398 4028 au
416 3977 481 4045 spite
499 3975 609 4038 haman,
629 3990 650 4026 s.
669 3973 775 4044 Kugler
792 3974 813 4036 Ι,
832 3973 883 4028 335
903 3974 920 4028 l.

134 4063 145 4111 l
164 4061 215 4117 Der
233 4063 381 4118 berithmte
401 4060 687 4133 geschichtsehreiber
706 4060 1199 4132 derreformation(1506bis1556);

78 4144 123 4199 sein
139 4153 209 4205 werlu
227 4153 261 4206 de
280 4153 358 4206 statu
376 4147 519 4220 religionis
538 4149 568 4203 et
586 4147 750 4217 reipublioae
769 4148 867 4202 Oarolo
882 4148 905 4201 V
925 4147 991 4202 Caes.
1013 4147 1200 4203 Commentsr.

79 4233 184 4292 erschien
201 4237 361 4306 Strassburg
389 4239 464 4292 1555.
501 4235 608 4306 Verger
636 4235 702 4289 kam
729 4234 771 4289 oft
796 4233 849 4288 mit
872 4234 931 4289 ihm
956 4251 1114 4290 zusammen
1140 4234 1199 4288 und

80 4313 172 4377 lielerte
187 4323 241 4379 ihm
260 4324 439 4381 materialien
457 4323 607 4379 besondsrs
626 4339 675 4376 aus
693 4322 785 4377 seiner
809 4320 938 4378 fritheren
964 4319 1197 4394 diplomatisehen

80 4398 209 4478 lanosum
226 4431 246 4467 a.
264 4414 305 4469 br.
326 4413 368 4468 12.
389 4412 429 4466 19.
447 4411 490 4467 21.
507 4411 550 4466 27.
569 4411 636 4464 oea.
657 4407 714 4465 126.
