<?xml version="1.0" encoding="UTF-8"?>
<!DOCTYPE html PUBLIC "-//W3C//DTD XHTML 1.0 Transitional//EN"
    "http://www.w3.org/TR/xhtml1/DTD/xhtml1-transitional.dtd">
<html xmlns="http://www.w3.org/1999/xhtml" xml:lang="en" lang="en">
 <head>
  <title>
</title>
<meta http-equiv="Content-Type" content="text/html;charset=utf-8" />
  <meta name='ocr-system' content='tesseract 3.04.00' />
  <meta name='ocr-capabilities' content='ocr_page ocr_carea ocr_par ocr_line ocrx_word'/>
</head>
<body>
  <div class='ocr_page' id='page_1' title='image "./briefwechselzwi01verggoog/briefwechselzwi01verggoog_0352.png"; bbox 0 0 2830 5072; ppageno 0'>
   <div class='ocr_carea' id='block_1_1' title="bbox 85 355 689 432">
    <p class='ocr_par' dir='ltr' id='par_1_1' title="bbox 85 355 689 432">
     <span class='ocr_line' id='line_1_1' title="bbox 85 355 689 432; baseline -0.007 -10"><span class='ocrx_word' id='word_1_1' title='bbox 85 366 151 423; x_wconf 76' lang='lat'>1562</span> <span class='ocrx_word' id='word_1_2' title='bbox 630 355 689 432; x_wconf 55' lang='lat'>34¹1</span> 
     </span>
    </p>
   </div>
   <div class='ocr_carea' id='block_1_2' title="bbox 73 536 1232 4478">
    <p class='ocr_par' dir='ltr' id='par_1_2' title="bbox 73 536 1232 1550">
     <span class='ocr_line' id='line_1_2' title="bbox 81 536 1231 612; baseline -0.005 -10"><span class='ocrx_word' id='word_1_3' title='bbox 81 541 198 602; x_wconf 85' lang='lat' dir='ltr'><strong>Curiam</strong></span> <span class='ocrx_word' id='word_1_4' title='bbox 219 543 316 601; x_wconf 90' lang='lat' dir='ltr'><strong>mittat</strong></span> <span class='ocrx_word' id='word_1_5' title='bbox 337 541 374 600; x_wconf 91' lang='lat' dir='ltr'><strong>ad</strong></span> <span class='ocrx_word' id='word_1_6' title='bbox 396 557 496 600; x_wconf 89' lang='lat' dir='ltr'><strong>manus</strong></span> <span class='ocrx_word' id='word_1_7' title='bbox 517 537 625 598; x_wconf 89' lang='lat' dir='ltr'><strong>domini</strong></span> <span class='ocrx_word' id='word_1_8' title='bbox 647 537 791 598; x_wconf 83' lang='lat' dir='ltr'><strong>Ambrosii</strong></span> <span class='ocrx_word' id='word_1_9' title='bbox 812 538 902 598; x_wconf 89' lang='lat' dir='ltr'><strong>Marti</strong></span> <span class='ocrx_word' id='word_1_10' title='bbox 928 539 1064 608; x_wconf 86' lang='lat' dir='ltr'><strong>consulis,</strong></span> <span class='ocrx_word' id='word_1_11' title='bbox 1092 536 1141 612; x_wconf 85' lang='lat' dir='ltr'><strong>qui</strong></span> <span class='ocrx_word' id='word_1_12' title='bbox 1161 537 1231 598; x_wconf 86' lang='lat' dir='ltr'><strong>mihi</strong></span> 
     </span>
     <span class='ocr_line' id='line_1_3' title="bbox 73 641 1232 720; baseline -0.003 -16"><span class='ocrx_word' id='word_1_13' title='bbox 73 643 129 705; x_wconf 86' lang='lat' dir='ltr'><strong>&#39;aut</strong></span> <span class='ocrx_word' id='word_1_14' title='bbox 151 646 198 705; x_wconf 89' lang='lat' dir='ltr'><strong>hic</strong></span> <span class='ocrx_word' id='word_1_15' title='bbox 219 643 325 710; x_wconf 87' lang='lat' dir='ltr'><strong>tradet,</strong></span> <span class='ocrx_word' id='word_1_16' title='bbox 347 649 397 703; x_wconf 90' lang='lat' dir='ltr'><strong>ant</strong></span> <span class='ocrx_word' id='word_1_17' title='bbox 417 643 441 702; x_wconf 90' lang='lat' dir='ltr'><strong>si</strong></span> <span class='ocrx_word' id='word_1_18' title='bbox 461 644 490 702; x_wconf 94' lang='lat' dir='ltr'><strong>in</strong></span> <span class='ocrx_word' id='word_1_19' title='bbox 512 643 671 716; x_wconf 83' lang='lat' dir='ltr'><strong>proximum</strong></span> <span class='ocrx_word' id='word_1_20' title='bbox 693 642 818 716; x_wconf 75' lang='lat' dir='ltr'>aliquem</span> <span class='ocrx_word' id='word_1_21' title='bbox 838 642 933 707; x_wconf 81' lang='lat' dir='ltr'><strong>loenu</strong></span> <span class='ocrx_word' id='word_1_22' title='bbox 954 641 1232 720; x_wconf 83' lang='lat' dir='ltr'><strong>(evangeliiscilicet</strong></span> 
     </span>
     <span class='ocr_line' id='line_1_4' title="bbox 78 746 1231 825; baseline 0 -19"><span class='ocrx_word' id='word_1_23' title='bbox 78 749 257 822; x_wconf 86' lang='lat' dir='ltr'><strong>praedicandi</strong></span> <span class='ocrx_word' id='word_1_24' title='bbox 279 749 378 825; x_wconf 89' lang='lat' dir='ltr'><strong>causa)</strong></span> <span class='ocrx_word' id='word_1_25' title='bbox 400 765 557 820; x_wconf 84' lang='lat' dir='ltr'><strong>secessere,</strong></span> <span class='ocrx_word' id='word_1_26' title='bbox 578 749 684 806; x_wconf 88' lang='lat' dir='ltr'><strong>mittet.</strong></span> <span class='ocrx_word' id='word_1_27' title='bbox 721 746 823 805; x_wconf 89' lang='lat' dir='ltr'><strong>Omnia</strong></span> <span class='ocrx_word' id='word_1_28' title='bbox 843 752 910 806; x_wconf 89' lang='lat' dir='ltr'><strong>sunt</strong></span> <span class='ocrx_word' id='word_1_29' title='bbox 930 746 977 806; x_wconf 90' lang='lat' dir='ltr'><strong>hio</strong></span> <span class='ocrx_word' id='word_1_30' title='bbox 997 751 1100 821; x_wconf 80' lang='lat' dir='ltr'><strong>pacate</strong></span> <span class='ocrx_word' id='word_1_31' title='bbox 1121 753 1152 806; x_wconf 88' lang='lat' dir='ltr'><strong>et</strong></span> <span class='ocrx_word' id='word_1_32' title='bbox 1172 763 1231 806; x_wconf 93' lang='lat' dir='ltr'><strong>om·</strong></span> 
     </span>
     <span class='ocr_line' id='line_1_5' title="bbox 78 841 1230 926; baseline 0 -17"><span class='ocrx_word' id='word_1_33' title='bbox 78 851 158 910; x_wconf 93' lang='lat' dir='ltr'><strong>nium</strong></span> <span class='ocrx_word' id='word_1_34' title='bbox 180 852 268 910; x_wconf 87' lang='lat' dir='ltr'><strong>animi</strong></span> <span class='ocrx_word' id='word_1_35' title='bbox 289 852 319 909; x_wconf 94' lang='lat' dir='ltr'><strong>in</strong></span> <span class='ocrx_word' id='word_1_36' title='bbox 340 853 424 909; x_wconf 90' lang='lat' dir='ltr'><strong>istam</strong></span> <span class='ocrx_word' id='word_1_37' title='bbox 445 849 564 910; x_wconf 80' lang='lat' dir='ltr'><strong>foederis</strong></span> <span class='ocrx_word' id='word_1_38' title='bbox 585 841 863 922; x_wconf 60' lang='lat' dir='ltr'><strong>redintegrationem</strong></span> <span class='ocrx_word' id='word_1_39' title='bbox 889 851 1009 924; x_wconf 90' lang='lat' dir='ltr'><strong>intenti,</strong></span> <span class='ocrx_word' id='word_1_40' title='bbox 1035 852 1149 926; x_wconf 86' lang='lat' dir='ltr'><strong>reliqna</strong></span> <span class='ocrx_word' id='word_1_41' title='bbox 1173 867 1230 910; x_wconf 91' lang='lat' dir='ltr'><strong>uon</strong></span> 
     </span>
     <span class='ocr_line' id='line_1_6' title="bbox 78 953 1231 1030; baseline 0 -16"><span class='ocrx_word' id='word_1_42' title='bbox 78 955 217 1014; x_wconf 90' lang='lat' dir='ltr'><strong>videntur</strong></span> <span class='ocrx_word' id='word_1_43' title='bbox 236 971 349 1014; x_wconf 90' lang='lat' dir='ltr'><strong>aurare.</strong></span> <span class='ocrx_word' id='word_1_44' title='bbox 390 955 421 1014; x_wconf 86' lang='lat' dir='ltr'><strong>Si</strong></span> <span class='ocrx_word' id='word_1_45' title='bbox 447 954 517 1020; x_wconf 86' lang='lat' dir='ltr'><strong>mihi</strong></span> <span class='ocrx_word' id='word_1_46' title='bbox 545 971 620 1012; x_wconf 87' lang='lat' dir='ltr'><strong>nune</strong></span> <span class='ocrx_word' id='word_1_47' title='bbox 640 953 836 1026; x_wconf 80' lang='lat' dir='ltr'><strong>Stutgardiam</strong></span> <span class='ocrx_word' id='word_1_48' title='bbox 857 961 908 1014; x_wconf 88' lang='lat' dir='ltr'><strong>ant</strong></span> <span class='ocrx_word' id='word_1_49' title='bbox 928 956 1087 1030; x_wconf 79' lang='lat' dir='ltr'><strong>Tubingam</strong></span> <span class='ocrx_word' id='word_1_50' title='bbox 1107 955 1231 1016; x_wconf 88' lang='lat' dir='ltr'><strong>redeun-</strong></span> 
     </span>
     <span class='ocr_line' id='line_1_7' title="bbox 78 1058 1229 1133; baseline 0 -15"><span class='ocrx_word' id='word_1_51' title='bbox 78 1061 148 1119; x_wconf 91' lang='lat' dir='ltr'><strong>dum</strong></span> <span class='ocrx_word' id='word_1_52' title='bbox 170 1065 256 1132; x_wconf 88' lang='lat' dir='ltr'><strong>esset,</strong></span> <span class='ocrx_word' id='word_1_53' title='bbox 271 1061 427 1131; x_wconf 86' lang='lat' dir='ltr'><strong>nescirem,</strong></span> <span class='ocrx_word' id='word_1_54' title='bbox 450 1076 507 1133; x_wconf 86' lang='lat' dir='ltr'><strong>que</strong></span> <span class='ocrx_word' id='word_1_55' title='bbox 527 1060 573 1118; x_wconf 85' lang='lat' dir='ltr'><strong>via</strong></span> <span class='ocrx_word' id='word_1_56' title='bbox 593 1058 662 1118; x_wconf 89' lang='lat' dir='ltr'><strong>mihi</strong></span> <span class='ocrx_word' id='word_1_57' title='bbox 683 1066 760 1118; x_wconf 89' lang='lat' dir='ltr'><strong>esset</strong></span> <span class='ocrx_word' id='word_1_58' title='bbox 780 1059 973 1132; x_wconf 86' lang='lat' dir='ltr'><strong>redeundum3</strong></span> <span class='ocrx_word' id='word_1_59' title='bbox 995 1065 1063 1120; x_wconf 84' lang='lat' dir='ltr'><strong>snut</strong></span> <span class='ocrx_word' id='word_1_60' title='bbox 1084 1062 1159 1120; x_wconf 89' lang='lat' dir='ltr'><strong>enim</strong></span> <span class='ocrx_word' id='word_1_61' title='bbox 1179 1059 1229 1120; x_wconf 93' lang='lat' dir='ltr'><strong>ob·</strong></span> 
     </span>
     <span class='ocr_line' id='line_1_8' title="bbox 77 1161 1230 1238; baseline -0.001 -15"><span class='ocrx_word' id='word_1_62' title='bbox 77 1171 197 1224; x_wconf 90' lang='lat' dir='ltr'><strong>servata</strong></span> <span class='ocrx_word' id='word_1_63' title='bbox 216 1182 234 1223; x_wconf 86' lang='lat' dir='ltr'><strong>a</strong></span> <span class='ocrx_word' id='word_1_64' title='bbox 254 1165 341 1238; x_wconf 87' lang='lat' dir='ltr'><strong>Papae</strong></span> <span class='ocrx_word' id='word_1_65' title='bbox 362 1163 537 1222; x_wconf 86' lang='lat' dir='ltr'><strong>satellitibus</strong></span> <span class='ocrx_word' id='word_1_66' title='bbox 557 1163 663 1222; x_wconf 89' lang='lat' dir='ltr'><strong>itinera</strong></span> <span class='ocrx_word' id='word_1_67' title='bbox 690 1161 890 1238; x_wconf 79' lang='lat' dir='ltr'><strong>fremuntque,</strong></span> <span class='ocrx_word' id='word_1_68' title='bbox 922 1164 999 1238; x_wconf 88' lang='lat' dir='ltr'><strong>qnod</strong></span> <span class='ocrx_word' id='word_1_69' title='bbox 1024 1166 1168 1238; x_wconf 83' lang='lat' dir='ltr'><strong>potuerim</strong></span> <span class='ocrx_word' id='word_1_70' title='bbox 1194 1180 1230 1222; x_wconf 85' lang='lat' dir='ltr'><strong>ex</strong></span> 
     </span>
     <span class='ocr_line' id='line_1_9' title="bbox 77 1266 1229 1343; baseline -0.001 -16"><span class='ocrx_word' id='word_1_71' title='bbox 77 1285 180 1327; x_wconf 87' lang='lat' dir='ltr'><strong>eornm</strong></span> <span class='ocrx_word' id='word_1_72' title='bbox 202 1268 345 1340; x_wconf 79' lang='lat' dir='ltr'><strong>unguibus</strong></span> <span class='ocrx_word' id='word_1_73' title='bbox 367 1268 505 1338; x_wconf 86' lang='lat' dir='ltr'><strong>evadere;</strong></span> <span class='ocrx_word' id='word_1_74' title='bbox 527 1267 578 1326; x_wconf 89' lang='lat' dir='ltr'><strong>sed</strong></span> <span class='ocrx_word' id='word_1_75' title='bbox 599 1284 663 1326; x_wconf 91' lang='lat' dir='ltr'><strong>cum</strong></span> <span class='ocrx_word' id='word_1_76' title='bbox 683 1266 772 1326; x_wconf 88' lang='lat' dir='ltr'><strong>fuerit</strong></span> <span class='ocrx_word' id='word_1_77' title='bbox 792 1267 933 1328; x_wconf 86' lang='lat' dir='ltr'><strong>redeundi</strong></span> <span class='ocrx_word' id='word_1_78' title='bbox 954 1274 1080 1343; x_wconf 87' lang='lat' dir='ltr'><strong>tempus,</strong></span> <span class='ocrx_word' id='word_1_79' title='bbox 1101 1285 1157 1328; x_wconf 91' lang='lat' dir='ltr'><strong>non</strong></span> <span class='ocrx_word' id='word_1_80' title='bbox 1179 1268 1229 1326; x_wconf 92' lang='lat' dir='ltr'><strong>de·</strong></span> 
     </span>
     <span class='ocr_line' id='line_1_10' title="bbox 77 1371 1228 1446; baseline 0 -14"><span class='ocrx_word' id='word_1_81' title='bbox 77 1375 134 1432; x_wconf 86' lang='lat' dir='ltr'><strong>erit</strong></span> <span class='ocrx_word' id='word_1_82' title='bbox 154 1373 227 1431; x_wconf 90' lang='lat' dir='ltr'><strong>mihi</strong></span> <span class='ocrx_word' id='word_1_83' title='bbox 248 1374 401 1446; x_wconf 78' lang='lat' dir='ltr'><strong>Dominus,</strong></span> <span class='ocrx_word' id='word_1_84' title='bbox 429 1373 483 1432; x_wconf 89' lang='lat' dir='ltr'><strong>hoc</strong></span> <span class='ocrx_word' id='word_1_85' title='bbox 503 1379 582 1432; x_wconf 84' lang='lat' dir='ltr'><strong>certe</strong></span> <span class='ocrx_word' id='word_1_86' title='bbox 603 1371 671 1430; x_wconf 89' lang='lat' dir='ltr'><strong>scio.</strong></span> <span class='ocrx_word' id='word_1_87' title='bbox 713 1371 831 1432; x_wconf 81' lang='lat' dir='ltr'><strong>Interea</strong></span> <span class='ocrx_word' id='word_1_88' title='bbox 855 1371 948 1444; x_wconf 89' lang='lat' dir='ltr'><strong>video,</strong></span> <span class='ocrx_word' id='word_1_89' title='bbox 970 1389 1015 1432; x_wconf 88' lang='lat' dir='ltr'><strong>me</strong></span> <span class='ocrx_word' id='word_1_90' title='bbox 1036 1373 1082 1432; x_wconf 89' lang='lat' dir='ltr'><strong>hic</strong></span> <span class='ocrx_word' id='word_1_91' title='bbox 1102 1389 1165 1432; x_wconf 89' lang='lat' dir='ltr'><strong>esse</strong></span> <span class='ocrx_word' id='word_1_92' title='bbox 1185 1373 1228 1432; x_wconf 88' lang='lat' dir='ltr'><strong>in·</strong></span> 
     </span>
     <span class='ocr_line' id='line_1_11' title="bbox 79 1477 589 1550; baseline 0 -14"><span class='ocrx_word' id='word_1_93' title='bbox 79 1479 201 1546; x_wconf 88' lang='lat' dir='ltr'><strong>elusum,</strong></span> <span class='ocrx_word' id='word_1_94' title='bbox 222 1478 274 1536; x_wconf 89' lang='lat' dir='ltr'><strong>sed</strong></span> <span class='ocrx_word' id='word_1_95' title='bbox 294 1483 397 1550; x_wconf 89' lang='lat' dir='ltr'><strong>potens</strong></span> <span class='ocrx_word' id='word_1_96' title='bbox 417 1477 557 1536; x_wconf 90' lang='lat' dir='ltr'><strong>Dominus</strong></span> <span class='ocrx_word' id='word_1_97' title='bbox 567 1482 589 1535; x_wconf 70' lang='lat' dir='ltr'><strong>k.</strong></span> 
     </span>
    </p>

    <p class='ocr_par' dir='ltr' id='par_1_3' title="bbox 73 1581 1229 2373">
     <span class='ocr_line' id='line_1_12' title="bbox 156 1581 1228 1656; baseline 0.001 -15"><span class='ocrx_word' id='word_1_98' title='bbox 156 1583 343 1654; x_wconf 82' lang='lat' dir='ltr'><strong>Postsoripta.</strong></span> <span class='ocrx_word' id='word_1_99' title='bbox 375 1582 460 1640; x_wconf 84' lang='lat' dir='ltr'><strong>Alter</strong></span> <span class='ocrx_word' id='word_1_100' title='bbox 475 1583 622 1641; x_wconf 88' lang='lat' dir='ltr'><strong>consulum</strong></span> <span class='ocrx_word' id='word_1_101' title='bbox 635 1581 673 1641; x_wconf 88' lang='lat' dir='ltr'><strong>ad</strong></span> <span class='ocrx_word' id='word_1_102' title='bbox 685 1597 730 1641; x_wconf 89' lang='lat' dir='ltr'><strong>me</strong></span> <span class='ocrx_word' id='word_1_103' title='bbox 746 1583 825 1641; x_wconf 90' lang='lat' dir='ltr'><strong>venit</strong></span> <span class='ocrx_word' id='word_1_104' title='bbox 838 1581 1048 1656; x_wconf 78' lang='lat' dir='ltr'><strong>nuntiavitque,</strong></span> <span class='ocrx_word' id='word_1_105' title='bbox 1069 1581 1228 1642; x_wconf 85' lang='lat' dir='ltr'><strong>Galliarum</strong></span> 
     </span>
     <span class='ocr_line' id='line_1_13' title="bbox 77 1687 1229 1761; baseline -0.001 -15"><span class='ocrx_word' id='word_1_106' title='bbox 77 1705 181 1761; x_wconf 82' lang='lat' dir='ltr'><strong>regem</strong></span> <span class='ocrx_word' id='word_1_107' title='bbox 203 1688 239 1746; x_wconf 91' lang='lat' dir='ltr'><strong>ad</strong></span> <span class='ocrx_word' id='word_1_108' title='bbox 260 1689 312 1746; x_wconf 88' lang='lat' dir='ltr'><strong>hos</strong></span> <span class='ocrx_word' id='word_1_109' title='bbox 333 1687 462 1746; x_wconf 89' lang='lat' dir='ltr'><strong>dominos</strong></span> <span class='ocrx_word' id='word_1_110' title='bbox 483 1687 599 1746; x_wconf 89' lang='lat' dir='ltr'><strong>dedisse</strong></span> <span class='ocrx_word' id='word_1_111' title='bbox 619 1687 733 1746; x_wconf 88' lang='lat' dir='ltr'><strong>litteras</strong></span> <span class='ocrx_word' id='word_1_112' title='bbox 754 1687 837 1746; x_wconf 90' lang='lat' dir='ltr'><strong>valde</strong></span> <span class='ocrx_word' id='word_1_113' title='bbox 855 1687 1012 1746; x_wconf 86' lang='lat' dir='ltr'><strong>clementes</strong></span> <span class='ocrx_word' id='word_1_114' title='bbox 1023 1693 1111 1761; x_wconf 88' lang='lat' dir='ltr'><strong>atque</strong></span> <span class='ocrx_word' id='word_1_115' title='bbox 1124 1688 1229 1746; x_wconf 89' lang='lat' dir='ltr'><strong>amoris</strong></span> 
     </span>
     <span class='ocr_line' id='line_1_14' title="bbox 75 1789 1229 1866; baseline 0 -16"><span class='ocrx_word' id='word_1_116' title='bbox 75 1793 189 1866; x_wconf 86' lang='lat' dir='ltr'><strong>plenas,</strong></span> <span class='ocrx_word' id='word_1_117' title='bbox 211 1808 289 1850; x_wconf 90' lang='lat' dir='ltr'><strong>snam</strong></span> <span class='ocrx_word' id='word_1_118' title='bbox 311 1791 491 1864; x_wconf 89' lang='lat' dir='ltr'><strong>majestatem</strong></span> <span class='ocrx_word' id='word_1_119' title='bbox 513 1791 623 1850; x_wconf 89' lang='lat' dir='ltr'><strong>scilicet</strong></span> <span class='ocrx_word' id='word_1_120' title='bbox 644 1807 701 1848; x_wconf 92' lang='lat' dir='ltr'><strong>non</strong></span> <span class='ocrx_word' id='word_1_121' title='bbox 722 1789 886 1850; x_wconf 85' lang='lat' dir='ltr'><strong>defuturam</strong></span> <span class='ocrx_word' id='word_1_122' title='bbox 903 1789 970 1858; x_wconf 89' lang='lat' dir='ltr'><strong>illis,</strong></span> <span class='ocrx_word' id='word_1_123' title='bbox 991 1791 1134 1850; x_wconf 78' lang='lat' dir='ltr'><strong>domando</strong></span> <span class='ocrx_word' id='word_1_124' title='bbox 1154 1792 1229 1850; x_wconf 90' lang='lat' dir='ltr'><strong>inte·</strong></span> 
     </span>
     <span class='ocr_line' id='line_1_15' title="bbox 76 1895 1229 1970; baseline -0.001 -15"><span class='ocrx_word' id='word_1_125' title='bbox 76 1899 131 1955; x_wconf 87' lang='lat' dir='ltr'><strong>rim</strong></span> <span class='ocrx_word' id='word_1_126' title='bbox 154 1895 193 1954; x_wconf 87' lang='lat' dir='ltr'><strong>ad</strong></span> <span class='ocrx_word' id='word_1_127' title='bbox 214 1897 458 1970; x_wconf 85' lang='lat' dir='ltr'><strong>perseverantiam</strong></span> <span class='ocrx_word' id='word_1_128' title='bbox 479 1897 508 1953; x_wconf 91' lang='lat' dir='ltr'><strong>in</strong></span> <span class='ocrx_word' id='word_1_129' title='bbox 529 1911 626 1954; x_wconf 86' lang='lat' dir='ltr'><strong>amore</strong></span> <span class='ocrx_word' id='word_1_130' title='bbox 647 1901 734 1970; x_wconf 88' lang='lat' dir='ltr'><strong>atque</strong></span> <span class='ocrx_word' id='word_1_131' title='bbox 755 1895 812 1954; x_wconf 84' lang='lat' dir='ltr'><strong>lide</strong></span> <span class='ocrx_word' id='word_1_132' title='bbox 834 1912 905 1968; x_wconf 82' lang='lat' dir='ltr'><strong>erga</strong></span> <span class='ocrx_word' id='word_1_133' title='bbox 923 1895 1018 1967; x_wconf 90' lang='lat' dir='ltr'><strong>illam,</strong></span> <span class='ocrx_word' id='word_1_134' title='bbox 1043 1895 1121 1954; x_wconf 89' lang='lat' dir='ltr'><strong>bona</strong></span> <span class='ocrx_word' id='word_1_135' title='bbox 1140 1895 1229 1954; x_wconf 87' lang='lat' dir='ltr'><strong>verba</strong></span> 
     </span>
     <span class='ocr_line' id='line_1_16' title="bbox 78 1998 1228 2074; baseline -0.002 -14"><span class='ocrx_word' id='word_1_136' title='bbox 78 2004 107 2060; x_wconf 91' lang='lat' dir='ltr'><strong>in</strong></span> <span class='ocrx_word' id='word_1_137' title='bbox 130 2017 253 2060; x_wconf 88' lang='lat' dir='ltr'><strong>summa.</strong></span> <span class='ocrx_word' id='word_1_138' title='bbox 294 1999 430 2060; x_wconf 80' lang='lat' dir='ltr'><strong>Ceterum</strong></span> <span class='ocrx_word' id='word_1_139' title='bbox 452 2001 487 2058; x_wconf 94' lang='lat' dir='ltr'><strong>de</strong></span> <span class='ocrx_word' id='word_1_140' title='bbox 502 1998 613 2060; x_wconf 85' lang='lat' dir='ltr'><strong>foedere</strong></span> <span class='ocrx_word' id='word_1_141' title='bbox 634 1999 860 2074; x_wconf 78' lang='lat' dir='ltr'><strong>redintegrando</strong></span> <span class='ocrx_word' id='word_1_142' title='bbox 881 1999 989 2058; x_wconf 91' lang='lat' dir='ltr'><strong>nullum</strong></span> <span class='ocrx_word' id='word_1_143' title='bbox 1011 1999 1142 2070; x_wconf 88' lang='lat' dir='ltr'><strong>verbum,</strong></span> <span class='ocrx_word' id='word_1_144' title='bbox 1174 2000 1228 2058; x_wconf 87' lang='lat' dir='ltr'><strong>uisi</strong></span> 
     </span>
     <span class='ocr_line' id='line_1_17' title="bbox 75 2103 1229 2180; baseline -0.003 -16"><span class='ocrx_word' id='word_1_145' title='bbox 75 2106 156 2180; x_wconf 91' lang='lat' dir='ltr'><strong>quod</strong></span> <span class='ocrx_word' id='word_1_146' title='bbox 178 2105 206 2163; x_wconf 93' lang='lat' dir='ltr'><strong>d.</strong></span> <span class='ocrx_word' id='word_1_147' title='bbox 229 2105 384 2177; x_wconf 82' lang='lat' dir='ltr'><strong>Gognetius</strong></span> <span class='ocrx_word' id='word_1_148' title='bbox 406 2105 518 2178; x_wconf 77' lang='lat' dir='ltr'><strong>legatus</strong></span> <span class='ocrx_word' id='word_1_149' title='bbox 543 2103 644 2163; x_wconf 89' lang='lat' dir='ltr'><strong>scribit</strong></span> <span class='ocrx_word' id='word_1_150' title='bbox 671 2103 707 2162; x_wconf 92' lang='lat' dir='ltr'><strong>ad</strong></span> <span class='ocrx_word' id='word_1_151' title='bbox 736 2104 851 2163; x_wconf 88' lang='lat' dir='ltr'><strong>eosdem</strong></span> <span class='ocrx_word' id='word_1_152' title='bbox 879 2103 1023 2174; x_wconf 88' lang='lat' dir='ltr'><strong>dominos,</strong></span> <span class='ocrx_word' id='word_1_153' title='bbox 1052 2118 1083 2161; x_wconf 89' lang='lat' dir='ltr'><strong>se</strong></span> <span class='ocrx_word' id='word_1_154' title='bbox 1111 2103 1229 2162; x_wconf 87' lang='lat' dir='ltr'><strong>circiter</strong></span> 
     </span>
     <span class='ocr_line' id='line_1_18' title="bbox 74 2207 1227 2281; baseline -0.003 -13"><span class='ocrx_word' id='word_1_155' title='bbox 74 2209 219 2270; x_wconf 76' lang='lat' dir='ltr'><strong>iohannis</strong></span> <span class='ocrx_word' id='word_1_156' title='bbox 239 2207 343 2268; x_wconf 88' lang='lat' dir='ltr'><strong>festum</strong></span> <span class='ocrx_word' id='word_1_157' title='bbox 371 2208 427 2268; x_wconf 91' lang='lat' dir='ltr'><strong>hnc</strong></span> <span class='ocrx_word' id='word_1_158' title='bbox 448 2214 615 2281; x_wconf 89' lang='lat' dir='ltr'><strong>venturum,</strong></span> <span class='ocrx_word' id='word_1_159' title='bbox 644 2207 695 2268; x_wconf 89' lang='lat' dir='ltr'><strong>sed</strong></span> <span class='ocrx_word' id='word_1_160' title='bbox 722 2209 751 2267; x_wconf 90' lang='lat' dir='ltr'><strong>hi</strong></span> <span class='ocrx_word' id='word_1_161' title='bbox 773 2207 879 2267; x_wconf 91' lang='lat' dir='ltr'><strong>domini</strong></span> <span class='ocrx_word' id='word_1_162' title='bbox 899 2207 977 2266; x_wconf 90' lang='lat' dir='ltr'><strong>alind</strong></span> <span class='ocrx_word' id='word_1_163' title='bbox 1002 2212 1227 2280; x_wconf 79' lang='lat' dir='ltr'><strong>exspectassent,</strong></span> 
     </span>
     <span class='ocr_line' id='line_1_19' title="bbox 73 2312 272 2373; baseline -0.015 0"><span class='ocrx_word' id='word_1_164' title='bbox 73 2332 133 2373; x_wconf 91' lang='lat' dir='ltr'><strong>non</strong></span> <span class='ocrx_word' id='word_1_165' title='bbox 155 2312 246 2372; x_wconf 88' lang='lat' dir='ltr'><strong>verba</strong></span> <span class='ocrx_word' id='word_1_166' title='bbox 256 2313 272 2370; x_wconf 89' lang='lat'><strong>¹.</strong></span> 
     </span>
    </p>

    <p class='ocr_par' dir='ltr' id='par_1_4' title="bbox 74 2413 1228 3954">
     <span class='ocr_line' id='line_1_20' title="bbox 156 2413 1227 2490; baseline -0.002 -14"><span class='ocrx_word' id='word_1_167' title='bbox 156 2418 230 2476; x_wconf 79' lang='lat' dir='ltr'><strong>Cum</strong></span> <span class='ocrx_word' id='word_1_168' title='bbox 252 2416 436 2476; x_wconf 88' lang='lat' dir='ltr'><strong>metuendum</strong></span> <span class='ocrx_word' id='word_1_169' title='bbox 463 2417 516 2489; x_wconf 89' lang='lat' dir='ltr'><strong>sit,</strong></span> <span class='ocrx_word' id='word_1_170' title='bbox 545 2433 580 2474; x_wconf 89' lang='lat' dir='ltr'><strong>ne</strong></span> <span class='ocrx_word' id='word_1_171' title='bbox 601 2417 681 2490; x_wconf 90' lang='lat' dir='ltr'><strong>Papa</strong></span> <span class='ocrx_word' id='word_1_172' title='bbox 701 2416 785 2488; x_wconf 91' lang='lat' dir='ltr'><strong>velit,</strong></span> <span class='ocrx_word' id='word_1_173' title='bbox 815 2421 935 2489; x_wconf 87' lang='lat' dir='ltr'><strong>peracto</strong></span> <span class='ocrx_word' id='word_1_174' title='bbox 955 2433 1008 2475; x_wconf 86' lang='lat' dir='ltr'><strong>sno</strong></span> <span class='ocrx_word' id='word_1_175' title='bbox 1029 2413 1227 2487; x_wconf 86' lang='lat' dir='ltr'><strong>conciliabulo,</strong></span> 
     </span>
     <span class='ocr_line' id='line_1_21' title="bbox 74 2519 1226 2594; baseline -0.001 -14"><span class='ocrx_word' id='word_1_176' title='bbox 74 2539 138 2582; x_wconf 88' lang='lat' dir='ltr'><strong>rem</strong></span> <span class='ocrx_word' id='word_1_177' title='bbox 159 2524 246 2580; x_wconf 89' lang='lat' dir='ltr'><strong>armis</strong></span> <span class='ocrx_word' id='word_1_178' title='bbox 260 2528 389 2594; x_wconf 88' lang='lat' dir='ltr'><strong>tentare,</strong></span> <span class='ocrx_word' id='word_1_179' title='bbox 411 2521 652 2580; x_wconf 88' lang='lat' dir='ltr'><strong>consultissimum</strong></span> <span class='ocrx_word' id='word_1_180' title='bbox 674 2521 742 2580; x_wconf 92' lang='lat' dir='ltr'><strong>mihi</strong></span> <span class='ocrx_word' id='word_1_181' title='bbox 764 2519 920 2590; x_wconf 86' lang='lat' dir='ltr'><strong>videretur,</strong></span> <span class='ocrx_word' id='word_1_182' title='bbox 945 2527 978 2579; x_wconf 90' lang='lat' dir='ltr'><strong>nt</strong></span> <span class='ocrx_word' id='word_1_183' title='bbox 998 2521 1089 2594; x_wconf 91' lang='lat' dir='ltr'><strong>primo</strong></span> <span class='ocrx_word' id='word_1_184' title='bbox 1111 2537 1226 2594; x_wconf 88' lang='lat' dir='ltr'><strong>qnoque</strong></span> 
     </span>
     <span class='ocr_line' id='line_1_22' title="bbox 74 2623 1227 2700; baseline -0.003 -14"><span class='ocrx_word' id='word_1_185' title='bbox 74 2636 210 2700; x_wconf 89' lang='lat' dir='ltr'><strong>tempore</strong></span> <span class='ocrx_word' id='word_1_186' title='bbox 230 2624 324 2686; x_wconf 84' lang='lat' dir='ltr'><strong>foedus</strong></span> <span class='ocrx_word' id='word_1_187' title='bbox 344 2631 543 2698; x_wconf 86' lang='lat' dir='ltr'><strong>renovaretur,</strong></span> <span class='ocrx_word' id='word_1_188' title='bbox 563 2626 593 2684; x_wconf 92' lang='lat' dir='ltr'><strong>in</strong></span> <span class='ocrx_word' id='word_1_189' title='bbox 615 2642 671 2698; x_wconf 92' lang='lat' dir='ltr'><strong>quo</strong></span> <span class='ocrx_word' id='word_1_190' title='bbox 692 2625 781 2684; x_wconf 88' lang='lat' dir='ltr'><strong>etiam</strong></span> <span class='ocrx_word' id='word_1_191' title='bbox 797 2625 899 2684; x_wconf 89' lang='lat' dir='ltr'><strong>Vestra</strong></span> <span class='ocrx_word' id='word_1_192' title='bbox 918 2625 1116 2684; x_wconf 86' lang='lat' dir='ltr'><strong>illustrissima</strong></span> <span class='ocrx_word' id='word_1_193' title='bbox 1136 2623 1227 2682; x_wconf 86' lang='lat' dir='ltr'><strong>Oelsi-</strong></span> 
     </span>
     <span class='ocr_line' id='line_1_23' title="bbox 74 2729 1228 2807; baseline -0.003 -16"><span class='ocrx_word' id='word_1_194' title='bbox 74 2733 148 2791; x_wconf 92' lang='lat' dir='ltr'><strong>tudo</strong></span> <span class='ocrx_word' id='word_1_195' title='bbox 178 2749 241 2791; x_wconf 88' lang='lat' dir='ltr'><strong>oum</strong></span> <span class='ocrx_word' id='word_1_196' title='bbox 270 2732 334 2790; x_wconf 86' lang='lat' dir='ltr'><strong>aliis</strong></span> <span class='ocrx_word' id='word_1_197' title='bbox 362 2731 538 2806; x_wconf 85' lang='lat' dir='ltr'><strong>principibus</strong></span> <span class='ocrx_word' id='word_1_198' title='bbox 567 2730 861 2803; x_wconf 85' lang='lat' dir='ltr'><strong>comprehenderetur</strong></span> <span class='ocrx_word' id='word_1_199' title='bbox 891 2731 1006 2807; x_wconf 88' lang='lat' dir='ltr'><strong>(saltem</strong></span> <span class='ocrx_word' id='word_1_200' title='bbox 1033 2745 1086 2804; x_wconf 91' lang='lat' dir='ltr'><strong>per</strong></span> <span class='ocrx_word' id='word_1_201' title='bbox 1110 2729 1228 2804; x_wconf 88' lang='lat' dir='ltr'><strong>aliquod</strong></span> 
     </span>
     <span class='ocr_line' id='line_1_24' title="bbox 75 2833 1227 2913; baseline -0.003 -18"><span class='ocrx_word' id='word_1_202' title='bbox 75 2837 204 2913; x_wconf 85' lang='lat' dir='ltr'><strong>tempus)</strong></span> <span class='ocrx_word' id='word_1_203' title='bbox 227 2853 288 2894; x_wconf 88' lang='lat' dir='ltr'><strong>oum</strong></span> <span class='ocrx_word' id='word_1_204' title='bbox 309 2851 447 2909; x_wconf 83' lang='lat' dir='ltr'><strong>expressa</strong></span> <span class='ocrx_word' id='word_1_205' title='bbox 467 2837 630 2908; x_wconf 89' lang='lat' dir='ltr'><strong>mentione,</strong></span> <span class='ocrx_word' id='word_1_206' title='bbox 657 2834 733 2908; x_wconf 89' lang='lat' dir='ltr'><strong>quod</strong></span> <span class='ocrx_word' id='word_1_207' title='bbox 753 2839 928 2908; x_wconf 86' lang='lat' dir='ltr'><strong>potestatem</strong></span> <span class='ocrx_word' id='word_1_208' title='bbox 949 2833 1089 2892; x_wconf 87' lang='lat' dir='ltr'><strong>haberent</strong></span> <span class='ocrx_word' id='word_1_209' title='bbox 1110 2835 1152 2892; x_wconf 90' lang='lat' dir='ltr'><strong>uti</strong></span> <span class='ocrx_word' id='word_1_210' title='bbox 1172 2834 1227 2891; x_wconf 87' lang='lat' dir='ltr'><strong>hoc</strong></span> 
     </span>
     <span class='ocr_line' id='line_1_25' title="bbox 76 2939 1226 3014; baseline -0.003 -15"><span class='ocrx_word' id='word_1_211' title='bbox 76 2943 205 3000; x_wconf 78' lang='lat' dir='ltr'><strong>trdnsitu</strong></span> <span class='ocrx_word' id='word_1_212' title='bbox 230 2959 284 3014; x_wconf 87' lang='lat' dir='ltr'><strong>par</strong></span> <span class='ocrx_word' id='word_1_213' title='bbox 305 2940 394 3013; x_wconf 84' lang='lat' dir='ltr'><strong>Alpes</strong></span> <span class='ocrx_word' id='word_1_214' title='bbox 415 2941 443 2998; x_wconf 89' lang='lat' dir='ltr'><strong>iu</strong></span> <span class='ocrx_word' id='word_1_215' title='bbox 464 2939 587 3012; x_wconf 89' lang='lat' dir='ltr'><strong>ltaliam,</strong></span> <span class='ocrx_word' id='word_1_216' title='bbox 616 2941 729 3013; x_wconf 88' lang='lat' dir='ltr'><strong>quoties</strong></span> <span class='ocrx_word' id='word_1_217' title='bbox 756 2940 916 3011; x_wconf 86' lang='lat' dir='ltr'><strong>placuerit,</strong></span> <span class='ocrx_word' id='word_1_218' title='bbox 947 2955 1010 2996; x_wconf 89' lang='lat' dir='ltr'><strong>oum</strong></span> <span class='ocrx_word' id='word_1_219' title='bbox 1042 2939 1226 3012; x_wconf 85' lang='lat' dir='ltr'><strong>expressione</strong></span> 
     </span>
     <span class='ocr_line' id='line_1_26' title="bbox 75 3041 1225 3120; baseline -0.003 -16"><span class='ocrx_word' id='word_1_220' title='bbox 75 3047 180 3118; x_wconf 87' lang='lat' dir='ltr'><strong>etiam,</strong></span> <span class='ocrx_word' id='word_1_221' title='bbox 209 3045 285 3120; x_wconf 85' lang='lat' dir='ltr'><strong>quod</strong></span> <span class='ocrx_word' id='word_1_222' title='bbox 307 3046 413 3104; x_wconf 90' lang='lat' dir='ltr'><strong>domini</strong></span> <span class='ocrx_word' id='word_1_223' title='bbox 435 3045 532 3104; x_wconf 85' lang='lat' dir='ltr'><strong>Rhaeti</strong></span> <span class='ocrx_word' id='word_1_224' title='bbox 552 3052 708 3104; x_wconf 88' lang='lat' dir='ltr'><strong>teneantur</strong></span> <span class='ocrx_word' id='word_1_225' title='bbox 729 3045 797 3102; x_wconf 90' lang='lat' dir='ltr'><strong>darc</strong></span> <span class='ocrx_word' id='word_1_226' title='bbox 819 3043 930 3117; x_wconf 87' lang='lat' dir='ltr'><strong>aliquot</strong></span> <span class='ocrx_word' id='word_1_227' title='bbox 957 3043 1072 3101; x_wconf 90' lang='lat' dir='ltr'><strong>milites.</strong></span> <span class='ocrx_word' id='word_1_228' title='bbox 1112 3041 1176 3100; x_wconf 88' lang='lat' dir='ltr'><strong>Hoc</strong></span> <span class='ocrx_word' id='word_1_229' title='bbox 1201 3043 1225 3100; x_wconf 90' lang='lat' dir='ltr'><strong>si</strong></span> 
     </span>
     <span class='ocr_line' id='line_1_27' title="bbox 75 3145 1227 3224; baseline -0.005 -14"><span class='ocrx_word' id='word_1_230' title='bbox 75 3151 177 3224; x_wconf 88' lang='lat' dir='ltr'><strong>lieret,</strong></span> <span class='ocrx_word' id='word_1_231' title='bbox 205 3151 402 3209; x_wconf 88' lang='lat' dir='ltr'><strong>Illustrissime</strong></span> <span class='ocrx_word' id='word_1_232' title='bbox 423 3151 570 3224; x_wconf 68' lang='lat' dir='ltr'><strong>Princeps</strong></span> <span class='ocrx_word' id='word_1_233' title='bbox 593 3150 674 3224; x_wconf 92' lang='lat' dir='ltr'><strong>Papa</strong></span> <span class='ocrx_word' id='word_1_234' title='bbox 695 3149 878 3207; x_wconf 88' lang='lat' dir='ltr'><strong>hauddubie</strong></span> <span class='ocrx_word' id='word_1_235' title='bbox 905 3145 1124 3222; x_wconf 87' lang='lat' dir='ltr'><strong>perterrefieret</strong></span> <span class='ocrx_word' id='word_1_236' title='bbox 1150 3148 1227 3219; x_wconf 81' lang='lat' dir='ltr'><strong>cogi-</strong></span> 
     </span>
     <span class='ocr_line' id='line_1_28' title="bbox 75 3251 1226 3329; baseline -0.003 -15"><span class='ocrx_word' id='word_1_237' title='bbox 75 3259 212 3329; x_wconf 85' lang='lat' dir='ltr'><strong>taretque</strong></span> <span class='ocrx_word' id='word_1_238' title='bbox 234 3256 330 3329; x_wconf 87' lang='lat' dir='ltr'><strong>potius</strong></span> <span class='ocrx_word' id='word_1_239' title='bbox 351 3255 386 3314; x_wconf 92' lang='lat' dir='ltr'><strong>de</strong></span> <span class='ocrx_word' id='word_1_240' title='bbox 400 3255 492 3314; x_wconf 89' lang='lat' dir='ltr'><strong>Roma</strong></span> <span class='ocrx_word' id='word_1_241' title='bbox 513 3255 711 3325; x_wconf 89' lang='lat' dir='ltr'><strong>custodienda,</strong></span> <span class='ocrx_word' id='word_1_242' title='bbox 733 3254 866 3327; x_wconf 88' lang='lat' dir='ltr'><strong>quamde</strong></span> <span class='ocrx_word' id='word_1_243' title='bbox 880 3251 1035 3312; x_wconf 85' lang='lat' dir='ltr'><strong>Germania</strong></span> <span class='ocrx_word' id='word_1_244' title='bbox 1054 3251 1226 3312; x_wconf 88' lang='lat' dir='ltr'><strong>invadenda.</strong></span> 
     </span>
     <span class='ocr_line' id='line_1_29' title="bbox 75 3355 1226 3433; baseline -0.006 -15"><span class='ocrx_word' id='word_1_245' title='bbox 75 3360 222 3431; x_wconf 80' lang='lat' dir='ltr'><strong>Dignetur</strong></span> <span class='ocrx_word' id='word_1_246' title='bbox 233 3357 380 3418; x_wconf 71' lang='lat' dir='ltr'><strong>celsitudo</strong></span> <span class='ocrx_word' id='word_1_247' title='bbox 392 3359 495 3418; x_wconf 85' lang='lat' dir='ltr'><strong>Vestra</strong></span> <span class='ocrx_word' id='word_1_248' title='bbox 508 3359 664 3433; x_wconf 84' lang='lat' dir='ltr'><strong>diligenter</strong></span> <span class='ocrx_word' id='word_1_249' title='bbox 680 3357 716 3416; x_wconf 92' lang='lat' dir='ltr'><strong>de</strong></span> <span class='ocrx_word' id='word_1_250' title='bbox 731 3359 786 3416; x_wconf 88' lang='lat' dir='ltr'><strong>hoo</strong></span> <span class='ocrx_word' id='word_1_251' title='bbox 802 3356 938 3429; x_wconf 83' lang='lat' dir='ltr'><strong>cogitare,</strong></span> <span class='ocrx_word' id='word_1_252' title='bbox 961 3361 1006 3413; x_wconf 90' lang='lat' dir='ltr'><strong>est</strong></span> <span class='ocrx_word' id='word_1_253' title='bbox 1020 3355 1095 3414; x_wconf 88' lang='lat' dir='ltr'><strong>enirn</strong></span> <span class='ocrx_word' id='word_1_254' title='bbox 1110 3355 1226 3414; x_wconf 79' lang='lat' dir='ltr'><strong>maximi</strong></span> 
     </span>
     <span class='ocr_line' id='line_1_30' title="bbox 75 3455 1227 3536; baseline -0.003 -15"><span class='ocrx_word' id='word_1_255' title='bbox 75 3465 228 3535; x_wconf 86' lang='lat' dir='ltr'><strong>momenti,</strong></span> <span class='ocrx_word' id='word_1_256' title='bbox 249 3465 306 3522; x_wconf 89' lang='lat' dir='ltr'><strong>imo</strong></span> <span class='ocrx_word' id='word_1_257' title='bbox 327 3455 425 3522; x_wconf 89' lang='lat' dir='ltr'><strong>omnes</strong></span> <span class='ocrx_word' id='word_1_258' title='bbox 446 3463 557 3522; x_wconf 88' lang='lat' dir='ltr'><strong>cordati</strong></span> <span class='ocrx_word' id='word_1_259' title='bbox 578 3464 631 3522; x_wconf 90' lang='lat' dir='ltr'><strong>viri</strong></span> <span class='ocrx_word' id='word_1_260' title='bbox 652 3460 809 3522; x_wconf 87' lang='lat' dir='ltr'><strong>consultius</strong></span> <span class='ocrx_word' id='word_1_261' title='bbox 832 3461 977 3534; x_wconf 88' lang='lat' dir='ltr'><strong>judicant,</strong></span> <span class='ocrx_word' id='word_1_262' title='bbox 999 3459 1038 3536; x_wconf 82' lang='lat' dir='ltr'><strong>(si</strong></span> <span class='ocrx_word' id='word_1_263' title='bbox 1059 3459 1127 3534; x_wconf 89' lang='lat' dir='ltr'><strong>quid</strong></span> <span class='ocrx_word' id='word_1_264' title='bbox 1147 3460 1227 3532; x_wconf 85' lang='lat' dir='ltr'><strong>Papa</strong></span> 
     </span>
     <span class='ocr_line' id='line_1_31' title="bbox 76 3563 1226 3643; baseline -0.003 -17"><span class='ocrx_word' id='word_1_265' title='bbox 76 3567 245 3643; x_wconf 80' lang='lat' dir='ltr'><strong>moliretur)</strong></span> <span class='ocrx_word' id='word_1_266' title='bbox 262 3567 344 3626; x_wconf 92' lang='lat' dir='ltr'><strong>illum</strong></span> <span class='ocrx_word' id='word_1_267' title='bbox 363 3567 520 3640; x_wconf 86' lang='lat' dir='ltr'><strong>invadere,</strong></span> <span class='ocrx_word' id='word_1_268' title='bbox 552 3574 706 3641; x_wconf 89' lang='lat' dir='ltr'><strong>antequam</strong></span> <span class='ocrx_word' id='word_1_269' title='bbox 730 3583 797 3624; x_wconf 91' lang='lat' dir='ltr'><strong>suos</strong></span> <span class='ocrx_word' id='word_1_270' title='bbox 823 3565 967 3624; x_wconf 87' lang='lat' dir='ltr'><strong>exereitus</strong></span> <span class='ocrx_word' id='word_1_271' title='bbox 987 3563 1149 3622; x_wconf 83' lang='lat' dir='ltr'><strong>Germanias</strong></span> <span class='ocrx_word' id='word_1_272' title='bbox 1175 3565 1226 3622; x_wconf 88' lang='lat' dir='ltr'><strong>ad-</strong></span> 
     </span>
     <span class='ocr_line' id='line_1_32' title="bbox 76 3666 1225 3748; baseline -0.003 -19"><span class='ocrx_word' id='word_1_273' title='bbox 76 3679 223 3741; x_wconf 89' lang='lat' dir='ltr'><strong>moveret,</strong></span> <span class='ocrx_word' id='word_1_274' title='bbox 256 3680 286 3732; x_wconf 91' lang='lat' dir='ltr'><strong>et</strong></span> <span class='ocrx_word' id='word_1_275' title='bbox 311 3674 351 3730; x_wconf 93' lang='lat' dir='ltr'><strong>sic</strong></span> <span class='ocrx_word' id='word_1_276' title='bbox 378 3671 455 3731; x_wconf 92' lang='lat' dir='ltr'><strong>bella</strong></span> <span class='ocrx_word' id='word_1_277' title='bbox 479 3688 583 3748; x_wconf 81' lang='lat' dir='ltr'><strong>gerere</strong></span> <span class='ocrx_word' id='word_1_278' title='bbox 604 3679 705 3730; x_wconf 86' lang='lat' dir='ltr'><strong>contra</strong></span> <span class='ocrx_word' id='word_1_279' title='bbox 725 3687 792 3730; x_wconf 90' lang='lat' dir='ltr'><strong>eum</strong></span> <span class='ocrx_word' id='word_1_280' title='bbox 812 3671 912 3742; x_wconf 88' lang='lat' dir='ltr'><strong>prooul</strong></span> <span class='ocrx_word' id='word_1_281' title='bbox 932 3686 949 3728; x_wconf 88' lang='lat' dir='ltr'><strong>a</strong></span> <span class='ocrx_word' id='word_1_282' title='bbox 969 3668 1093 3743; x_wconf 89' lang='lat' dir='ltr'><strong>propriis</strong></span> <span class='ocrx_word' id='word_1_283' title='bbox 1112 3666 1225 3740; x_wconf 89' lang='lat' dir='ltr'><strong>linibus,</strong></span> 
     </span>
     <span class='ocr_line' id='line_1_33' title="bbox 76 3771 1226 3850; baseline -0.005 -15"><span class='ocrx_word' id='word_1_284' title='bbox 76 3777 134 3836; x_wconf 90' lang='lat' dir='ltr'><strong>hoe</strong></span> <span class='ocrx_word' id='word_1_285' title='bbox 154 3781 209 3850; x_wconf 87' lang='lat' dir='ltr'><strong>cst,</strong></span> <span class='ocrx_word' id='word_1_286' title='bbox 238 3777 387 3850; x_wconf 85' lang='lat' dir='ltr'><strong>initalia,</strong></span> <span class='ocrx_word' id='word_1_287' title='bbox 415 3777 467 3835; x_wconf 88' lang='lat' dir='ltr'><strong>sad</strong></span> <span class='ocrx_word' id='word_1_288' title='bbox 488 3775 575 3836; x_wconf 88' lang='lat' dir='ltr'><strong>etiam</strong></span> <span class='ocrx_word' id='word_1_289' title='bbox 595 3777 620 3834; x_wconf 90' lang='lat' dir='ltr'><strong>si</strong></span> <span class='ocrx_word' id='word_1_290' title='bbox 641 3777 694 3835; x_wconf 89' lang='lat' dir='ltr'><strong>hoe</strong></span> <span class='ocrx_word' id='word_1_291' title='bbox 714 3791 818 3836; x_wconf 83' lang='lat' dir='ltr'><strong>revera</strong></span> <span class='ocrx_word' id='word_1_292' title='bbox 838 3791 895 3833; x_wconf 90' lang='lat' dir='ltr'><strong>non</strong></span> <span class='ocrx_word' id='word_1_293' title='bbox 915 3773 985 3848; x_wconf 85' lang='lat' dir='ltr'><strong>fiat,</strong></span> <span class='ocrx_word' id='word_1_294' title='bbox 1015 3771 1163 3846; x_wconf 85' lang='lat' dir='ltr'><strong>proderit,</strong></span> <span class='ocrx_word' id='word_1_295' title='bbox 1193 3777 1226 3830; x_wconf 88' lang='lat' dir='ltr'><strong>ut</strong></span> 
     </span>
     <span class='ocr_line' id='line_1_34' title="bbox 77 3877 915 3954; baseline -0.002 -14"><span class='ocrx_word' id='word_1_296' title='bbox 77 3883 159 3954; x_wconf 88' lang='lat' dir='ltr'><strong>Papa</strong></span> <span class='ocrx_word' id='word_1_297' title='bbox 178 3887 288 3942; x_wconf 87' lang='lat' dir='ltr'><strong>metuat</strong></span> <span class='ocrx_word' id='word_1_298' title='bbox 308 3879 445 3940; x_wconf 86' lang='lat' dir='ltr'><strong>futurum.</strong></span> <span class='ocrx_word' id='word_1_299' title='bbox 913 3877 915 3881; x_wconf 77' lang='grc'>’</span> 
     </span>
    </p>

    <p class='ocr_par' dir='ltr' id='par_1_5' title="bbox 79 3978 1226 4478">
     <span class='ocr_line' id='line_1_35' title="bbox 158 3978 1226 4062; baseline -0.008 -16"><span class='ocrx_word' id='word_1_300' title='bbox 158 3987 263 4062; x_wconf 86' lang='lat' dir='ltr'><strong>Spero,</strong></span> <span class='ocrx_word' id='word_1_301' title='bbox 295 3987 430 4046; x_wconf 89' lang='lat' dir='ltr'><strong>Vestram</strong></span> <span class='ocrx_word' id='word_1_302' title='bbox 460 3986 687 4045; x_wconf 88' lang='lat' dir='ltr'><strong>Illustrissimam</strong></span> <span class='ocrx_word' id='word_1_303' title='bbox 714 3978 924 4044; x_wconf 71' lang='lat' dir='ltr'><strong>celsitudinem</strong></span> <span class='ocrx_word' id='word_1_304' title='bbox 949 3980 1117 4056; x_wconf 83' lang='lat' dir='ltr'><strong>rescivisse,</strong></span> <span class='ocrx_word' id='word_1_305' title='bbox 1149 3979 1226 4053; x_wconf 89' lang='lat' dir='ltr'><strong>quod</strong></span> 
     </span>
     <span class='ocr_line' id='line_1_36' title="bbox 79 4085 1225 4161; baseline -0.003 -15"><span class='ocrx_word' id='word_1_306' title='bbox 79 4088 142 4146; x_wconf 86' lang='lat' dir='ltr'><strong>dux</strong></span> <span class='ocrx_word' id='word_1_307' title='bbox 155 4088 305 4150; x_wconf 85' lang='lat' dir='ltr'><strong>Sabaudiae</strong></span> <span class='ocrx_word' id='word_1_308' title='bbox 329 4089 475 4161; x_wconf 85' lang='lat' dir='ltr'><strong>acceperit</strong></span> <span class='ocrx_word' id='word_1_309' title='bbox 498 4094 681 4160; x_wconf 85' lang='lat' dir='ltr'><strong>susceptores</strong></span> <span class='ocrx_word' id='word_1_310' title='bbox 701 4095 752 4146; x_wconf 93' lang='lat' dir='ltr'><strong>aut</strong></span> <span class='ocrx_word' id='word_1_311' title='bbox 772 4092 933 4160; x_wconf 86' lang='lat' dir='ltr'><strong>compatres</strong></span> <span class='ocrx_word' id='word_1_312' title='bbox 954 4091 1022 4144; x_wconf 86' lang='lat' dir='ltr'><strong>nato</strong></span> <span class='ocrx_word' id='word_1_313' title='bbox 1042 4085 1085 4142; x_wconf 91' lang='lat' dir='ltr'><strong>illi</strong></span> <span class='ocrx_word' id='word_1_314' title='bbox 1104 4085 1225 4156; x_wconf 89' lang='lat' dir='ltr'><strong>puerulo</strong></span> 
     </span>
     <span class='ocr_line' id='line_1_37' title="bbox 80 4187 1225 4268; baseline -0.005 -18"><span class='ocrx_word' id='word_1_315' title='bbox 80 4192 204 4266; x_wconf 86' lang='lat' dir='ltr'><strong>quinque</strong></span> <span class='ocrx_word' id='word_1_316' title='bbox 232 4209 324 4268; x_wconf 80' lang='lat' dir='ltr'><strong>pagos</strong></span> <span class='ocrx_word' id='word_1_317' title='bbox 343 4193 527 4266; x_wconf 88' lang='lat' dir='ltr'><strong>Helvetioos,</strong></span> <span class='ocrx_word' id='word_1_318' title='bbox 559 4193 662 4266; x_wconf 88' lang='lat' dir='ltr'><strong>quibus</strong></span> <span class='ocrx_word' id='word_1_319' title='bbox 692 4193 763 4251; x_wconf 91' lang='lat' dir='ltr'><strong>nihil</strong></span> <span class='ocrx_word' id='word_1_320' title='bbox 787 4197 885 4266; x_wconf 89' lang='lat' dir='ltr'><strong>potest</strong></span> <span class='ocrx_word' id='word_1_321' title='bbox 910 4206 974 4250; x_wconf 89' lang='lat' dir='ltr'><strong>esse</strong></span> <span class='ocrx_word' id='word_1_322' title='bbox 999 4187 1099 4247; x_wconf 90' lang='lat' dir='ltr'><strong>durius</strong></span> <span class='ocrx_word' id='word_1_323' title='bbox 1124 4192 1225 4246; x_wconf 90' lang='lat' dir='ltr'><strong>eontra</strong></span> 
     </span>
     <span class='ocr_line' id='line_1_38' title="bbox 80 4290 1224 4378; baseline -0.004 -25"><span class='ocrx_word' id='word_1_324' title='bbox 80 4303 206 4378; x_wconf 88' lang='lat' dir='ltr'><strong>nostrum</strong></span> <span class='ocrx_word' id='word_1_325' title='bbox 219 4299 408 4372; x_wconf 81' lang='lat' dir='ltr'><strong>evangelium,</strong></span> <span class='ocrx_word' id='word_1_326' title='bbox 429 4303 462 4357; x_wconf 91' lang='lat' dir='ltr'><strong>ut</strong></span> <span class='ocrx_word' id='word_1_327' title='bbox 478 4301 591 4372; x_wconf 87' lang='lat' dir='ltr'><strong>aceepit</strong></span> <span class='ocrx_word' id='word_1_328' title='bbox 611 4298 697 4359; x_wconf 89' lang='lat' dir='ltr'><strong>etiarn</strong></span> <span class='ocrx_word' id='word_1_329' title='bbox 718 4299 810 4375; x_wconf 90' lang='lat' dir='ltr'><strong>ipsum</strong></span> <span class='ocrx_word' id='word_1_330' title='bbox 831 4295 1040 4368; x_wconf 85' lang='lat' dir='ltr'><strong>antichristum,</strong></span> <span class='ocrx_word' id='word_1_331' title='bbox 1061 4290 1224 4372; x_wconf 86' lang='lat' dir='ltr'><strong>machinan-</strong></span> 
     </span>
     <span class='ocr_line' id='line_1_39' title="bbox 81 4400 616 4478; baseline 0 -17"><span class='ocrx_word' id='word_1_332' title='bbox 81 4409 133 4461; x_wconf 88' lang='lat' dir='ltr'><strong>tur</strong></span> <span class='ocrx_word' id='word_1_333' title='bbox 151 4403 224 4462; x_wconf 92' lang='lat' dir='ltr'><strong>enim</strong></span> <span class='ocrx_word' id='word_1_334' title='bbox 243 4403 351 4478; x_wconf 86' lang='lat' dir='ltr'><strong>aliquid</strong></span> <span class='ocrx_word' id='word_1_335' title='bbox 360 4413 388 4464; x_wconf 75' lang='lat'><strong>¹⁰.</strong></span> <span class='ocrx_word' id='word_1_336' title='bbox 481 4405 484 4408; x_wconf 83' lang='grc'><strong>’</strong></span> <span class='ocrx_word' id='word_1_337' title='bbox 614 4400 616 4404; x_wconf 80' lang='grc'><strong>’</strong></span> 
     </span>
    </p>
   </div>
   <div class='ocr_carea' id='block_1_3' title="bbox 0 0 1420 5072">
    <p class='ocr_par' dir='ltr' id='par_1_6' title="bbox 0 0 1420 5072">
     <span class='ocr_line' id='line_1_40' title="bbox 0 0 1420 5072; baseline 0 0"><span class='ocrx_word' id='word_1_338' title='bbox 0 0 1420 5072; x_wconf 95' lang='lat' dir='ltr'><strong> </strong></span> 
     </span>
    </p>
   </div>
  </div>
 </body>
</html>
