2852 5076
48 377 108 435 1555
418 455 423 467 Ι
573 383 633 446 103

47 570 95 611 uno
114 551 196 610 uerbo
216 566 266 610 eos
286 551 446 624 tangimus,
474 553 528 624 ipsi
550 567 619 612 nero
644 557 746 612 contro
772 554 901 620 membru
920 557 990 618 Jesu
1011 555 1119 618 Christi
1148 563 1179 618 et

50 662 135 716 uostru
153 655 278 714 membro
297 657 365 728 igue
385 662 474 730 utque
495 655 573 716 ierro
595 656 737 716 diabolice
758 659 889 720 seviunt.
932 660 1002 720 Vel
1025 661 1091 734 illis,
1112 663 1176 722 nuh

47 762 102 832 illis,
121 777 182 819 num
202 761 378 832 sempiterno
398 760 465 832 igno
487 761 544 820 cito
565 761 783 822 cruciabuntur!

112 865 138 922 Si
157 864 211 924 iste
232 864 388 923 cardinalis
399 864 557 926 Morouus¹
571 866 685 938 legatus
703 867 821 941 aliquod
838 869 976 942 scriptum
990 867 1136 943 proferret
1148 869 1177 930 in

48 973 148 1030 uolens
167 969 292 1043 concilii,
314 971 411 1046 stetim
433 969 481 1030 nbi
501 972 645 1046 legissem,
666 988 779 1044 possem
794 971 960 1047 patefacere
975 974 1104 1044 iusidias,
1127 990 1175 1034 ne-

53 1092 94 1148 que
111 1075 179 1134 euim
199 1075 263 1134 siue
285 1075 399 1134 insidiis
419 1074 556 1149 proteret,
578 1077 625 1136 set
644 1076 712 1136 scio.

111 1177 221 1236 Utinam
245 1177 394 1238 Celsitodo
415 1177 520 1238 Vestro
540 1177 709 1252 dignaretur
729 1179 827 1252 legere
848 1179 951 1249 breve,
983 1181 1035 1242 sed
1055 1181 1177 1242 horribi-

48 1280 165 1340 lissimmu
184 1281 340 1352 seriptum,
361 1281 438 1354 quod
460 1286 527 1340 aute
548 1297 673 1340 mensem
695 1281 757 1342 fere
774 1285 840 1358 ¹misi
861 1285 888 1344 d.
910 1284 1002 1356 Bero;
1022 1286 1112 1359 pudet
1131 1301 1177 1345 me

48 1385 143 1456 quidem
170 1387 216 1444 vel
243 1385 427 1455 meminisse,
459 1390 491 1440 ut
520 1383 718 1444 Benacenses
748 1401 805 1444 uon
835 1385 925 1460 pudet
950 1386 1022 1446 tulis
1051 1393 1176 1460 putrore.

48 1490 112 1549 Deus
130 1490 185 1550 illis
205 1491 356 1549 meliorem
378 1493 502 1548 mentem
519 1487 603 1566 [det].

110 1595 163 1654 Oro
179 1601 322 1654 eternum
336 1598 448 1668 petrem
466 1593 573 1652 donnini
591 1597 680 1652 nostri
696 1595 767 1652 lesu
785 1593 901 1666 Christi,
919 1603 951 1654 ut
968 1595 1177 1658 celsitudinem

47 1699 158 1760 Vestram
172 1717 223 1760 suo
236 1701 341 1773 spiritu
352 1705 435 1772 reget
449 1706 480 1758 et
494 1705 610 1759 tueatur
625 1701 661 1759 sd
678 1699 874 1762 defensionem
890 1707 920 1760 et
940 1701 1059 1773 glorium
1070 1707 1176 1761 ssuctae

48 1805 97 1875 ejus
116 1805 251 1866 ecelesiae.
295 1803 470 1864 Commendo
491 1820 535 1862 me
556 1810 734 1864 reverenter.

111 1940 287 2013 Stutgurdiae
308 1938 336 1995 X
357 1937 454 1997 Martii
479 1939 561 1996 1555.

304 2070 440 2144 Ejusdem
463 2069 649 2130 Celsitudiuis
672 2069 783 2128 Vestrae
803 2086 903 2129 servus
947 2157 950 2164 Ι

932 2198 1097 2272 vergerius.

527 2595 531 2605 ‚
581 2531 628 2588 ιι.

334 2679 460 2767 Verger
483 2703 524 2745 uu
545 2679 665 2764 herzog
687 2677 873 2763 Christoph.

395 2826 542 2900 stuttgart
565 2830 599 2884 12
620 2826 701 2886 Mltrz
727 2826 809 2884 1555.

109 2956 234 3013 lurbitte
263 2955 307 3010 lilr
334 2955 378 3012 dis
408 2954 425 3008 2
453 2953 630 3026 geinugeuen
655 2953 821 3024 jlluglinge‚
851 2952 1009 3024 geiuudous
1033 2951 1176 3010 schriiteu.

48 3047 221 3108 lluchrichteu
240 3052 311 3107 dher
330 3051 376 3107 die
393 3050 590 3122 evaugelische
609 3049 757 3120 gemeinde
775 3049 804 3104 iu
823 3048 959 3104 Lolrsruo.

110 3175 304 3234 illustrissime
335 3182 365 3232 et
392 3171 641 3232 Excellentissime
667 3172 807 3244 Princeps
837 3179 866 3232 et
900 3171 1022 3231 Domine
1055 3172 1176 3230 Domine

49 3275 259 3338 Creticsissimel

111 3383 196 3442 Extat
225 3383 413 3443 clarissimum
435 3378 542 3440 Christi
570 3379 686 3438 verbum
716 3379 751 3436 de
780 3379 963 3451 suscipiende
991 3395 1060 3438 curo
1087 3381 1199 3450 cepti,

49 3501 142 3559 norum3
162 3489 305 3561 promittit
327 3488 401 3544 enirn
420 3487 508 3544 vitem
521 3487 659 3542 aeterucm
674 3484 749 3554 huic,
771 3485 820 3556 qui
836 3485 895 3542 tole
915 3483 1111 3542 testimonium
1126 3483 1176 3543 de·

50 3587 111 3648 derit
128 3591 196 3652 fidei
215 3609 292 3661 suae,
324 3598 356 3650 ut
377 3589 556 3663 captivorum
586 3604 683 3648 curem
714 3595 744 3647 et
774 3590 983 3662 protectionem
1006 3592 1176 3663 susceperit.

52 3693 127 3764 Quum
145 3699 242 3772 itoque
264 3695 414 3756 Celsitudo
434 3696 540 3754 Vestro
560 3692 667 3752 habeut
686 3694 805 3752 verbum
825 3694 918 3765 ipsum
940 3693 1061 3765 Christi,
1081 3709 1100 3752 u
1120 3710 1177 3766 quo

52 3806 166 3859 monetur
185 3803 228 3860 sni
248 3800 344 3866 officii,
367 3817 421 3860 oon
444 3797 570 3857 conabor
591 3813 645 3870 ego
668 3796 763 3856 verbis
783 3798 855 3856 meis
869 3813 931 3854 cem
946 3796 1103 3864 stimulare,
1125 3796 1176 3855 sed

52 3903 145 3961 mutum
166 3921 278 3974 causum
298 3901 437 3962 indicere.

115 4007 214 4069 Vestro
234 4007 383 4069 Celsitodo
404 4007 542 4080 dignetur
561 4006 659 4079 legere
687 4004 925 4078 supplicationem
950 4021 1109 4076 annexum,
1140 4024 1176 4063 eu

53 4125 97 4179 quo
114 4117 262 4185 percipiet,
291 4114 320 4170 in
343 4129 399 4186 quo
421 4117 499 4169 statu
519 4114 557 4170 sit
578 4126 664 4168 consu
686 4125 784 4170 eorum
813 4109 932 4167 duorum
946 4107 1177 4168 ·adolcsceotum

485 4201 496 4222 l
754 4221 755 4226 ,

595 4232 609 4266 *

112 4328 124 4380 1
142 4326 167 4381 S.
185 4329 223 4384 hr.
242 4347 269 4383 n.
287 4330 328 4387 20.
