2830 5078
74 430 129 484 tcto
595 431 656 490 237

69 603 234 675 positionem,
266 617 411 675 nunquam
439 602 514 658 enim
543 601 620 658 volui
649 598 854 658 illustrissimoe
884 595 1056 658 Celsitndini
1083 597 1194 656 Vestrae

69 707 156 778 dicere,
176 722 209 764 ne
229 705 346 764 viderer
365 712 416 766 sut
435 683 625 779 importunus,
647 710 698 764 uut
718 703 812 762 rninus
830 701 1018 769 Christianus,
1040 703 1122 776 quasi
1144 717 1198 775 ego

68 811 181 883 inculpa
200 811 259 869 uilo
279 810 363 870 modo
381 825 486 882 essem3
509 825 565 868 non
581 825 643 867 suns
658 809 744 879 enim,
757 807 838 866 Deus
851 805 913 877 soit,
935 823 1011 864 nuno
1031 821 1119 878 cogor
1138 820 1199 864 rem

68 912 228 987 patefacere,
253 917 314 988 jam
341 914 417 974 enim
444 929 537 972 annus
570 920 615 971 est
642 918 693 971 aut
723 911 859 986 amplius,
887 925 943 983 quo
964 909 1121 970 Scalichius
1146 925 1200 970 neo

70 1015 112 1075 init
128 1021 154 1077 in
173 1020 245 1078 meis
266 1017 377 1078 sedibus
397 1035 452 1076 nee
471 1033 516 1076 me
538 1017 710 1091 alloquitur,
743 1017 801 1074 imo
830 1013 1016 1090 persequitur
1044 1031 1089 1072 me
1120 1013 1200 1073 miris

71 1123 151 1195 nodis,
172 1131 201 1183 et
215 1125 369 1184 tacuissem
383 1139 458 1181 nunc
474 1124 561 1181 etiam
576 1123 731 1196 patienter,
752 1119 803 1179 sed
819 1127 990 1192 provocatus
1010 1120 1126 1194 loquor3
1148 1135 1202 1177 nec

68 1227 135 1297 plura
154 1229 187 1288 de
209 1231 264 1288 hae
283 1245 369 1287 causa
390 1227 491 1298 dicam,
513 1227 593 1306 Deus
613 1226 725 1298 mitiget
746 1224 855 1284 ferocia
874 1227 990 1298 ingenia
1010 1230 1040 1282 et
1066 1224 1200 1294 carnalia,

69 1348 114 1390 non
139 1334 226 1394 deero
248 1350 301 1406 ego
328 1349 391 1392 meo
420 1330 523 1404 officio,
551 1337 583 1389 ut
604 1330 800 1390 Christianum
819 1345 910 1402 agam.
952 1328 1127 1388 Commendo
1154 1343 1199 1387 me

68 1435 357 1509 celsitudiniVestrae,
380 1435 469 1495 Peter
489 1435 616 1496 coelestis
637 1436 679 1494 iili
699 1443 806 1508 augeat
825 1451 892 1494 suos
911 1433 1021 1493 divinos
1041 1435 1201 1528 thesauros,

67 1543 184 1614 spiritum
207 1549 236 1601 et
257 1541 344 1602 fidem
365 1557 419 1615 per
440 1540 585 1600 Christum
607 1541 751 1599 dominum
774 1546 911 1598 nostrum.

133 1673 270 1748 Tubingoe
291 1676 309 1731 8
331 1673 379 1733 die
400 1675 471 1734 Juiii
496 1675 577 1732 1560.

357 1795 559 1855 illustrissimae
582 1793 769 1855 Celsitndinis
789 1795 902 1854 Vestrae

641 1920 764 1978 servitor
784 1917 948 1977 Ludovicns
968 1916 1124 1990 vergeriua

674 2040 727 2096 pro
748 2023 888 2098 vergerio
909 2026 1078 2094 egrotante.

210 2152 396 2224 Postscripta.

133 2258 232 2330 Qualis
252 2257 293 2326 sit
310 2273 374 2316 mea
394 2257 544 2330 agritudo,
578 2271 642 2332 quae
664 2255 767 2316 nudius
788 2256 891 2316 tertius
911 2255 1016 2328 eoepit,
1046 2271 1134 2328 cogor
1154 2254 1204 2316 de·

63 2359 180 2434 rorare,
213 2378 249 2421 ea
269 2369 314 2421 est
339 2363 473 2435 paralisis
500 2368 530 2422 et
550 2361 666 2422 Domini
686 2361 820 2421 voluntas
839 2359 908 2428 fiat;
938 2369 1044 2432 metuo,
1075 2375 1111 2420 ne
1137 2358 1204 2420 fiem

64 2464 186 2524 omnibns
212 2466 337 2538 negotiis
366 2465 516 2537 inhabilis3
547 2465 652 2525 iterum
674 2467 752 2526 dicos
773 2465 891 2526 Domini
911 2467 1043 2526 voluntas
1063 2463 1129 2539 fiat;
1160 2469 1205 2526 est

63 2573 150 2628 tamen
169 2571 341 2643 principium
363 2571 467 2639 debile,
490 2571 628 2646 quidquid
649 2574 687 2630 sit
706 2571 842 2639 futurum,
864 2572 976 2644 nescio;
1004 2578 1072 2630 ntor
1092 2569 1205 2629 duobus

63 2674 173 2734 medicis
187 2674 293 2736 Fuscio
309 2680 337 2733 et
349 2675 480 2734 nocuere
492 2674 511 2746 ¹,
532 2692 703 2749 quamquam
718 2683 816 2734 autem
836 2692 893 2734 non
914 2676 1005 2734 desim
1024 2692 1089 2734 meo
1109 2673 1204 2734 officio

64 2783 88 2834 et
107 2795 254 2838 numerem
275 2782 392 2853 utrique
412 2795 469 2853 pro¹
486 2781 629 2840 tenuitate
642 2799 713 2852 mea,
734 2787 831 2840 tamen
851 2781 1003 2853 prodesset
1017 2779 1094 2838 haud
1108 2779 1204 2852 dubie,

63 2885 84 2939 si
102 2883 297 2944 illustrissima
317 2884 466 2944 Celsitudo
485 2886 591 2946 Vestra
611 2903 703 2946 mcum
725 2901 840 2945 oausam
861 2887 976 2959 utrique
997 2885 1107 2945 medico
1128 2901 1204 2944 com·

65 2989 222 3060 mendaret;
252 2997 349 3048 tamen
369 2989 465 3063 faciat,
494 2997 526 3048 ut
551 2992 620 3050 vuit.
662 2992 778 3050 Tertius
806 3007 896 3065 nepos
924 2991 1046 3050 duorum
1072 2989 1203 3061 aliorum,

65 3093 109 3163 qni
129 3111 239 3174 meeum
260 3100 343 3164 sunt,
363 3093 470 3167 irater,
491 3097 571 3156 venit
593 3097 747 3169 ex'ltalia,
775 3101 808 3154 ut
827 3111 873 3154 mo
894 3096 1014 3168 invisat,
1041 3111 1095 3154 nec
1115 3096 1204 3154 latino

65 3210 113 3252 nec
128 3197 290 3270 germanice
304 3199 366 3268 scit,
388 3197 456 3271 quid
471 3200 586 3268 attinet,
608 3201 682 3258 utin
699 3205 881 3272 conspectum
896 3199 1082 3260 Oelsitudinis
1092 3201 1205 3260 vestre

64 3303 170 3375 reniat;
190 3320 254 3361 eum
275 3309 372 3360 tamen
392 3304 547 3364 adduxerit
567 3321 664 3364 eonem
686 3308 843 3377 turcicum,
872 3321 956 3379 quem
977 3304 1123 3364 existimat
1143 3321 1206 3364 esse

66 3405 145 3469 ualde
163 3406 267 3467 bonum
288 3413 319 3466 et
337 3407 494 3480 insignem,
524 3423 589 3466 eum
609 3409 815 3468 Illustrissimae
836 3407 1006 3468 eelsitudini
1028 3409 1140 3468 Vestrae
1160 3425 1207 3471 ποτ

67 3517 195 3570 verenter
214 3511 291 3570 dono
313 3511 372 3581 dat,
393 3511 555 3571 adducebat
576 3512 700 3572 alterum
721 3513 814 3587 simul,
836 3513 887 3573 sed
906 3513 997 3586 periit
1016 3513 1046 3572 in
1066 3515 1121 3574 via.
1201 3567 1205 3574 .

609 3775 657 3833 97.

366 3903 490 3992 Verger
513 3928 556 3970 sn
577 3906 696 3992 herzog
718 3905 902 3992 Christoph.

398 4056 401 4060 ·
435 4035 586 4108 Tttbingen
611 4039 644 4094 12
665 4036 726 4095 Juli
749 4038 834 4096 1560.

135 4161 226 4217 Dankt
243 4163 289 4218 itin
308 4163 362 4218 den
386 4163 445 4216 ihm
470 4164 661 4233 nugesandten
684 4163 804 4220 leibarzt
832 4160 888 4219 des'
909 4163 1039 4235 hersogs,
1071 4162 1211 4219 lterichiet

74 4251 137 4308 iiber
148 4256 298 4313 Scaiichius
317 4259 374 4312 und
392 4259 501 4316 sohiokt
519 4258 582 4314 eine
601 4259 737 4316 absohrift
756 4261 845 4316 seinos
864 4263 1030 4317 testamento
1049 4260 1080 4328 (s.
1093 4277 1119 4313 n.
1133 4260 1165 4314 97
1173 4265 1208 4328 a).

630 4385 644 4418 it

142 4483 152 4532 1
171 4482 289 4540 Miehsel
303 4483 422 4548 Ruoker,
441 4484 495 4538 seit
515 4485 583 4539 1534
602 4485 634 4539 dr
655 4485 711 4538 und
730 4485 868 4554 professor
887 4485 936 4539 der
947 4485 1118 4551 medicin.'†
1134 4484 1209 4539 1561.
