2884 5074
783 391 845 452 466
1316 386 1368 439 lttt

241 558 406 618 Germanice
427 561 570 632 principes
591 560 742 618 concilium
764 577 909 630 recusare,
931 566 1033 633 optnrc
1053 561 1128 616 enim
1150 563 1313 632 concilium,
1330 561 1369 618 sed

238 662 411 742 legitimum,
428 662 479 720 sed
501 671 644 733 recusare,
667 663 752 736 quale
764 662 843 736 Papa
855 665 944 735 coepit
964 663 1123 721 celebrare.
1155 665 1301 722 Praeterea
1318 682 1369 722 con·

239 773 359 840 questus
378 785 441 825 sum
461 768 538 840 apud
558 768 670 840 ipsum,
703 770 779 842 quod
801 769 902 826 eodem
925 777 1076 842 tempore,
1109 787 1165 842 quo
1194 769 1300 826 salvum
1318 787 1368 827 con·
1429 755 1430 842 J

238 873 356 930 ductum
378 875 487 944 emisit,
517 873 618 931 eodem
640 873 720 946 Papa
740 881 853 946 quaerat
879 891 924 932 me
951 873 1136 943 interficere,
1168 875 1227 931 imo
1255 891 1298 932 me
1318 892 1369 946 pro·

237 978 393 1050 scripserit,
415 979 491 1050 quod
513 995 646 1052 magnum
667 979 772 1037 lrabeat
792 980 942 1052 praemium
964 981 1054 1055 (quod
1077 980 1104 1034 in
1128 979 1194 1036 aliis
1210 979 1312 1037 litteris
1326 997 1368 1035 non

236 1082 352 1150 scripsi,
380 1080 431 1138 sed
452 1082 494 1138 itu
515 1088 560 1138 est
580 1083 694 1156 revera)
717 1083 887 1154 quicumque
916 1099 960 1138 me
988 1081 1178 1141 interfecerit.
1221 1083 1368 1154 Respondit,
1429 1089 1430 1144 l

236 1201 267 1241 se
288 1185 362 1242 velle
384 1203 495 1256 curare,
517 1193 549 1243 ut
569 1188 631 1246 haec
651 1188 822 1260 proscriptio
843 1188 978 1258 tollatur,
1002 1189 1123 1246 multum
1146 1205 1215 1246 vero
1237 1189 1369 1247 utebatur
1429 1201 1430 1260 l

235 1286 349 1346 deferre
370 1289 575 1346 Illustrissimae
597 1289 770 1348 Celsitudini
793 1291 914 1349 Vestrae.

313 1393 456 1465 Suspicor,
479 1394 554 1451 lrunc
577 1395 667 1451 virum
690 1413 746 1451 non
768 1396 884 1452 missum
905 1394 994 1447 fuisse
1017 1391 1133 1448 Curiam
1155 1392 1242 1448 aliam
1263 1391 1297 1448 ob
1316 1409 1368 1448 cau-

234 1516 310 1569 sam,
343 1515 427 1570 quam
449 1505 482 1554 ut
509 1499 669 1566 intelligat,
702 1495 771 1566 quid
795 1496 840 1551 lric
861 1493 962 1552 faciam
986 1501 1015 1552 et
1037 1511 1100 1567 quae
1122 1512 1187 1552 mea
1205 1497 1243 1552 sit
1264 1495 1297 1552 de
1316 1511 1369 1552 con·

233 1603 298 1658 cilio
320 1603 474 1659 sententia.
515 1602 594 1660 Deus
616 1601 704 1668 novit,
726 1599 795 1672 quid¹
816 1599 1031 1672 responderim,
1057 1599 1248 1670 justissimam
1276 1599 1369 1658 scilicet

235 1707 340 1764 liabcre
362 1721 475 1763 causam
496 1705 702 1764 illustrissimos
731 1705 861 1762 dominos
881 1709 1086 1776 'protestantes
1114 1705 1273 1776 principes,
1300 1719 1370 1776 quom
1429 1687 1430 1780 J

234 1809 269 1866 ob
290 1825 351 1866 rem
372 1825 428 1866 non
449 1808 588 1866 accedant
615 1809 651 1866 ad
679 1811 738 1866 tale
766 1808 933 1877 concilium,
964 1807 1042 1880 quod
1068 1807 1289 1879 diligentissime
1313 1811 1369 1864 ursi.

235 1919 273 1972 At
293 1913 451 1986 replicabat
471 1913 530 1984 illc,
554 1929 608 1969 uon
630 1914 746 1984 impune
768 1911 873 1980 ferent,
897 1928 961 1968 uam
981 1911 1180 1981 gravissimum
1200 1909 1258 1966 illis
1279 1909 1370 1967 bellum

233 2017 383 2076 inferetur.
424 2017 585 2088 Insctatur,
608 2017 674 2074 -dixi
695 2035 764 2089 ego,
794 2017 942 2074 confidunt
962 2017 992 2073 in
1016 2015 1150 2079 Domino,
1179 2031 1236 2072 nou
1266 2016 1293 2071 in
1317 2030 1371 2084 pro-

232 2124 302 2196 priis
324 2122 441 2190 viribus,
464 2135 635 2194 quamquam
658 2123 733 2178 vires
755 2137 810 2178 uon
833 2121 890 2177 sint
912 2121 1032 2192 exiguae.

309 2227 404 2285 Multa
424 2229 452 2285 in
475 2244 585 2284 summa
605 2243 717 2284 mecum
738 2227 861 2284 corrtulit
883 2227 911 2282 in
934 2227 988 2282 hoc
1010 2241 1136 2297 genere,
1172 2231 1201 2280 et
1231 2240 1292 2281 cum
1313 2223 1371 2280 uitii

231 2329 352 2402 amplius
374 2329 504 2396 liaberet,
527 2329 604 2400 quod
624 2329 788 2401 replicaret,
810 2331 898 2401 coepit
919 2345 963 2385 me
985 2329 1096 2386 lrortari
1117 2329 1198 2385 miris
1224 2329 1327 2399 modis,
1347 2333 1373 2384 ut

230 2450 274 2490 mc
303 2434 404 2490 vellem
435 2435 552 2506 papatui
578 2432 766 2490 reconciliare
793 2433 956 2504 obtulitque
987 2432 1055 2488 milri
1082 2449 1117 2490 ea
1145 2435 1174 2489 in
1203 2451 1236 2490 re
1262 2432 1372 2503 diligen·

229 2540 367 2596 tissimum
390 2554 514 2609 operam.
552 2538 627 2609 Quid
648 2540 754 2595 attinet
776 2537 894 2595 elicere?
925 2538 988 2610 Ego
1010 2539 1065 2610 egi,
1089 2538 1166 2610 quod
1188 2537 1373 2595 Christianum

232 2644 329 2700 decuit
351 2649 381 2700 et
401 2643 512 2713 restiti,
534 2650 566 2700 ut
587 2659 655 2701 sane
677 2643 778 2715 debui,
806 2644 1009 2716 resistcmque,
1031 2643 1097 2700 dum
1120 2643 1236 2714 vixero,
1257 2659 1309 2716 per
1326 2643 1373 2700 Dei

231 2750 362 2818 gratiam.
404 2748 469 2806 Nou
499 2749 624 2807 deerunt
650 2749 719 2806 milri
747 2751 775 2806 iu
805 2749 848 2806 lris
876 2749 947 2806 locis
968 2747 1095 2808 versanti
1126 2748 1201 2804 tales
1228 2747 1372 2820 saepissime

232 2855 407 2912 tentationes
428 2862 458 2912 et
478 2855 624 2925 practicae,
646 2855 698 2912 sed
718 2870 811 2925 spero,
834 2869 878 2910 me
900 2869 963 2911 esse
984 2854 1013 2910 in
1035 2851 1150 2910 Christo
1172 2853 1330 2912 radicatum
1349 2857 1372 2906 ct

229 2959 299 3016 ninii
313 2959 383 3016 mihi
399 2958 582 3016 metuendum
599 2974 661 3014 esse
672 2956 708 3013 ab
720 2956 782 3014 istis
799 2956 990 3014 tentatoribus
1012 2954 1096 3012 modo
1118 2972 1135 3012 a
1155 2955 1276 3027 dextris,
1298 2955 1371 3012 modo

228 3077 246 3118 a
266 3061 398 3118 sinistris
441 3061 519 3118 Vivit
540 3059 627 3129 Deus,
651 3058 718 3116 vivit
739 3075 806 3115 suus
832 3059 951 3130 spiritus
971 3059 1000 3113 in
1023 3074 1067 3114 me
1089 3063 1284 3130 pergratiam
1308 3061 1370 3130 ejus.

228 3165 403 3223 Commendo
425 3182 468 3224 me
490 3171 660 3222 reverenter
681 3164 885 3222 illustrissime
908 3163 1078 3221 Celsitudini
1102 3163 1224 3222 Vestrae.
1324 3227 1329 3233 ‚

306 3269 401 3328 Curiae
421 3272 597 3328 eraetiarum
621 3269 667 3326 die
690 3272 706 3326 o·
729 3269 818 3326 lunii.

448 3375 586 3447 Ejusdem
608 3375 720 3432 Vestra
743 3374 931 3431 Celsiturlinis
952 3373 1159 3432 illustrissimae

984 3479 1110 3536 servitor
1131 3479 1299 3550 Vergerius.

770 3767 836 3821 246.

531 3881 655 3969 Verger
678 3907 721 3948 au
744 3885 862 3970 herzog
886 3882 1072 3968 Christoph.

363 4010 431 4071 Siue
452 4013 529 4083 dato,
551 4015 619 4072 muli
640 4014 712 4073 aber
733 4032 755 4072 c.
779 4017 815 4072 23
837 4015 881 4073 bis
903 4019 943 4073 25
961 4015 1022 4073 Juli
1047 4021 1122 4073 1562
1144 4015 1241 4074 fallen.

294 4129 404 4200 chen
423 4134 473 4187 der
493 4134 593 4192 kinder
611 4136 660 4191 der
678 4137 788 4208 pfarrer
807 4155 856 4190 ans
876 4137 1080 4200 Graubiiuden,
1107 4137 1152 4192 die
1177 4138 1276 4204 hermog
1292 4128 1363 4184 Chri·

222 4229 305 4297 stoph
326 4229 455 4284 erziehen
477 4232 568 4286 lassen
589 4234 656 4288 will.
693 4235 718 4287 S.
738 4228 766 4286 ιι.
788 4235 847 4287 158.

301 4325 497 4385 illustrissime
521 4329 658 4402 Princeps
679 4339 709 4389 et
731 4333 852 4390 Domine
875 4333 995 4390 Domine
1018 4333 1260 4389 Clementissime!

300 4428 499 4489 illustrissima
522 4431 670 4490 Celsitudo
695 4434 798 4493 Vestra
818 4441 943 4508 quatuor
964 4443 1113 4508 pastorum
1134 4435 1216 4506 filiis,
1244 4433 1286 4508 qui
1316 4431 1359 4484 de·
