2884 5074
86 375 144 428 rtet
615 377 678 436 447

82 550 132 608 riui
149 553 250 622 patruo
271 547 338 623 (pia
358 546 520 622 memoriae)
541 546 604 605 duri
623 547 754 618 jussisse,
776 544 850 604 banc
865 545 923 602 riui
945 559 1109 604 mensurum
1131 543 1219 604 cella·
1256 525 1260 534 ’

80 656 145 712 rium
163 655 190 712 iu
212 655 350 725 computis
371 653 510 726 posuisse,
531 657 675 724 tamquam
697 648 1057 721 illustrissimuspriuceps
1073 663 1129 706 nou
1143 645 1219 706 dono

81 757 205 816 dedisset.
340 731 346 748 ⁵

147 861 244 919 Tertio
264 859 400 918 siluarum
421 856 588 930 prolectam
609 857 671 916 siue
692 856 829 930 principis
847 857 930 928 jussu
952 857 1030 930 ligna
1045 855 1115 912 dare
1131 855 1218 926 nolle,

79 981 133 1022 rum
152 971 245 1022 teman
266 963 453 1022 illustrissimi
473 960 611 1036 principis
632 961 669 1018 sit
692 960 832 1026 voluutas,
853 965 886 1018 ut
907 958 1002 1018 omnia
1018 959 1081 1031 jam
1103 957 1217 1028 dentur,

79 1085 133 1141 quae
152 1069 178 1126 d.
199 1075 303 1142 patruo
325 1067 361 1143 (si
382 1068 418 1126 ud
439 1065 542 1125 lustum
565 1064 682 1136 Georgii
705 1063 833 1142 vixisset)
855 1063 918 1122 deri
939 1063 1115 1122 debuissent.

146 1175 235 1232 Adest
256 1172 402 1240 cellarius,
424 1189 487 1230 oum
509 1187 565 1244 quo
587 1170 648 1228 lraec
666 1171 761 1228 omnia
775 1167 877 1228 conlici
891 1175 1021 1242 possunt,
1043 1175 1218 1240 quapropter

77 1279 106 1336 D.
126 1280 155 1336 Τ.
176 1295 255 1350 rogo,
278 1283 310 1335 ut
330 1278 391 1335 hoec
411 1293 463 1348 pro
485 1283 584 1336 nostra
605 1274 729 1334 amicitie
752 1274 889 1346 expedire
911 1273 989 1332 relit.

483 1381 600 1440 Amicus
622 1387 651 1438 et
672 1381 796 1438 servitor

789 1483 952 1542 ludovicus
975 1483 1138 1554 Vergeriue.

607 1748 672 1802 232.

193 1937 196 1942 .
283 1873 433 1936 Aurelius
456 1869 582 1956 Verger
606 1893 648 1934 an
671 1869 788 1955 herzog
812 1867 997 1951 Christoph.

408 2001 558 2074 Tublugen
585 2004 618 2058 16
640 1999 766 2060 October
790 2001 874 2056 1566.

134 2124 230 2178 Denkt
249 2124 311 2178 dem
332 2123 435 2192 herzog
460 2123 503 2176 fiir
528 2122 573 2177 die
592 2122 696 2176 seinem
714 2121 806 2178 oheiur
826 2119 975 2174 erwiaseue
994 2119 1061 2187 gum
1083 2118 1139 2170 rrnd
1159 2134 1216 2171 sm·
1292 2124 1295 2130 '

73 2218 161 2286 phehlt
180 2221 243 2275 dem
263 2220 366 2290 herzog
385 2219 444 2274 rich
465 2219 522 2272 nud
540 2213 767 2274 seinen'bruder.

141 2317 339 2378 illustrissime
359 2319 497 2392 Princeps
519 2324 548 2376 nt
571 2317 692 2376 Domine
713 2317 836 2374 Domine
859 2313 1101 2374 clementissime!

141 2420 185 2478 Ex
204 2421 349 2480 Helvetiis
369 2437 502 2480 reversus
522 2419 618 2478 inveni
640 2419 787 2492 aanuum
817 2423 846 2476 et
870 2416 1067 2476 fidelissimum
1095 2417 1215 2474 servito·

71 2541 124 2582 rem
138 2525 345 2584 illustrissimae
362 2523 546 2582 Celsitudinis
562 2522 672 2581 Vestrae
687 2521 783 2598 (bonae
795 2521 907 2582 scilicet
921 2520 1143 2596 reeordationis)
1165 2521 1215 2578 do·

71 2631 168 2688 ninum
182 2630 355 2702 Vergerinm
373 2631 440 2688 olim
455 2635 590 2701 patruum
605 2645 701 2688 meum
721 2644 855 2700 magnum
875 2627 960 2700 longe
982 2625 1158 2684 carissimum
1178 2624 1216 2682 ad

71 2748 181 2807 superos
202 2735 395 2804 concessisse;
425 2742 455 2792 et
480 2749 651 2808 quemquem
680 2733 734 2792 hoc
761 2733 804 2792 ita
824 2733 939 2790 demum
958 2730 1020 2790 iore
1041 2730 1110 2788 mihi
1130 2734 1216 2788 antee

70 2841 167 2910 optime
188 2846 373 2914 perspectum
393 2846 470 2911 erat,
499 2857 555 2898 uon
576 2841 657 2912 potui
678 2847 775 2898 tamen
802 2857 857 2897 uon
889 2839 985 2910 aliquo
1013 2837 1096 2896 modo
1127 2835 1214 2894 vehes

70 2951 172 3002 menter
193 2945 304 3011 dolere,
326 2960 411 3016 quum
433 2943 485 3000 tali
507 2942 621 3002 bomine
644 2959 687 3000 me
709 2943 851 3014 privatum
873 2922 1032 3014 inveniam,
1058 2940 1110 2999 sub
1132 2941 1214 3014 cnjus

70 3050 223 3118 patrocinio
246 3055 276 3106 et
297 3048 397 3108 umbra
417 3049 572 3121 pueritiam
586 3055 615 3106 ct
624 3050 807 3120 juventutem
822 3064 915 3106 meam
928 3047 1071 3120 integram
1088 3045 1213 3104 traduxi.

70 3151 168 3212 Verum
190 3155 306 3228 quaudo
328 3170 363 3211 en
384 3170 494 3212 mecum
515 3153 608 3211 animo
623 3159 734 3225 repeto,
757 3169 821 3225 qnae
835 3153 949 3223 illijaru
963 3149 1112 3222 decrepite
1127 3155 1214 3208 aetate

68 3261 132 3331 viro,
152 3261 181 3318 in
203 3261 372 3331 gravissimo
394 3267 424 3316 et
444 3258 595 3316 incurabili
619 3259 717 3316 morbo
739 3257 902 3327 constitute,
926 3271 1008 3328 aequo
1026 3255 1121 3314 aruino
1142 3253 1215 3311 citra

67 3379 172 3422 omnam
192 3367 347 3423 humanam
369 3364 596 3424 corrsolationem
616 3381 668 3422 sen
693 3361 840 3434 refrigerii
861 3361 984 3434 alicujus
1006 3364 1112 3417 certem
1134 3373 1213 3431 spem

67 3467 181 3530 ferenda
207 3471 310 3541 luero,
342 3471 448 3540 optime
479 3473 533 3541 ipsi
561 3487 578 3528 a
608 3469 722 3527 domiuo
744 3468 806 3526 Deo
827 3472 926 3525 nostro
947 3469 1129 3538 prospectum
1152 3478 1215 3521 esse

69 3574 153 3644 rideo,
176 3593 240 3634 eum
262 3580 426 3650 permutata
448 3575 500 3632 lrac
513 3573 693 3632 miseriarum
712 3579 856 3631 tantarum
869 3570 943 3628 valle
959 3569 996 3626 ad
1008 3568 1215 3628 amoenissimos

68 3683 178 3736 aeternae
200 3677 390 3743 beatitudiuis
418 3677 506 3735 colles
533 3677 610 3733 inter
638 3677 751 3734 coelites
778 3682 912 3747 receptus
939 3676 990 3742 eit,
1017 3689 1070 3746 per
1100 3673 1214 3731 unicum

67 3783 194 3842 meritum
224 3781 384 3854 passionis,
416 3783 637 3840 resurrectionis
664 3789 694 3840 et
721 3782 757 3840 ad
786 3781 873 3840 uoelos
900 3778 1075 3840 ascensionis
1106 3777 1215 3836 domini

67 3890 151 3945 nostri
173 3889 246 3946 iesu
267 3887 392 3960 Christi,
425 3905 488 3960 quae
514 3887 631 3960 quidem
660 3883 823 3945 firmissima
843 3885 914 3944 fides
943 3884 1022 3960 (post
1043 3881 1214 3940 beneficium

65 3994 165 4062 agnitae
188 3991 334 4066 ueritatis)
356 3993 399 4049 illi
421 4008 534 4063 semper
555 3989 618 4057 fuit,
639 3991 669 4048 in
690 4008 748 4063 quc
769 3991 830 4048 sola
851 3989 1055 4048 consolabatur
1074 3988 1102 4044 iu
1125 3983 1215 4044 alflic·

64 4096 185 4157 tionibus
207 4101 275 4163 suia,
297 4097 415 4170 cupiens
436 4097 555 4156 dissolvi
576 4102 605 4154 ct
627 4112 690 4156 csse
711 4114 775 4154 cnm
791 4096 915 4154 Glrristo.
947 4095 1018 4152 Nam
1040 4107 1144 4152 revera
1164 4090 1215 4148 illa

65 4200 282 4260 resurrectionis
304 4199 462 4259 consolatio
483 4197 684 4274 (credentibus
705 4198 794 4274 serio)
821 4201 946 4258 omnium
967 4197 1163 4270 gravaminum
1185 4201 1215 4252 et

65 4303 250 4370 humanarum
282 4306 480 4389 miseriarum,
512 4304 756 4364 incommodorum
788 4305 983 4377 malorumque
1010 4303 1140 4362 levamen
1169 4305 1214 4358 est

65 4410 220 4482 singulare,
253 4410 386 4472 solatium
408 4417 438 4472 et
458 4408 600 4468 fortitudo
622 4409 744 4481 patienti
767 4415 797 4466 et
817 4409 925 4467 invicto
946 4407 1041 4466 urimo
1062 4405 1099 4466 ad
1120 4403 1217 4486 omnia¹
