2884 5074
755 377 818 449 tet
1297 378 1355 440 nor
1433 375 1434 378 ‘

213 547 349 627 raverrnt,
363 547 518 614 dnmmodo
528 562 607 614 recte
622 555 754 614 vixerint.
785 557 849 614 Hoc
864 557 940 615 onim
952 559 1067 618 exsistit
1076 559 1144 618 libri
1154 566 1355 632 argumentum,
1433 547 1434 558 ,

213 660 338 732 eleganti
360 660 475 733 quidem
495 661 625 718 oratione
646 661 838 734 conscriptus,
860 667 892 719 ut
912 677 1054 722 venenum
1076 665 1254 724 commodius
1273 667 1354 724 instil-

213 765 297 824 laret.

292 871 364 928 Erat
384 885 420 926 eo
440 876 571 943 tempore
593 876 660 927 ante
688 883 739 927 sex
760 877 811 928 aut
832 877 941 942 septem
963 887 1054 930 annos
1075 874 1272 948 Hieronymus
1292 877 1355 933 Zan-

212 976 280 1034 clrus
293 975 311 1043 ¹,
333 975 419 1033 etiam
441 973 544 1045 Italus,
571 975 660 1048 ipsius
683 975 767 1034 Coelii
788 975 913 1034 Secundi
934 993 1033 1048 gener,
1055 979 1226 1050 Argentinae
1248 980 1356 1054 degens,
1433 1039 1434 1054 ,

210 1079 258 1138 nbi
281 1097 355 1137 nnnc
377 1079 458 1152 degit
479 1095 603 1152 quoque.
636 1081 731 1152 Quare
752 1079 789 1138 ad
810 1081 884 1139 hunc
905 1089 935 1139 et
946 1081 983 1140 ad
994 1083 1123 1157 reliquos
1135 1086 1356 1158 argentinenses

210 1183 388 1258 professores
409 1201 472 1242 cum
493 1185 594 1243 missus
615 1183 856 1243 inissetlibellns
885 1185 1078 1260 judicandus,
1111 1188 1292 1260 professores
1319 1207 1356 1248 re·
1433 1235 1434 1262 ,

211 1290 396 1362 scripserunt,
419 1305 475 1348 non
497 1288 589 1348 videri
610 1290 781 1358 consultum,
805 1295 837 1348 nt
859 1290 1053 1362 evulgaretur.

288 1396 461 1454 Mittebatur
482 1395 587 1454 deiude
602 1395 749 1469 'ligurum
772 1402 804 1454 ut
823 1396 882 1455 illic
903 1413 1017 1470 quoque
1039 1399 1185 1458 sententia
1206 1399 1355 1466 diceretur,

209 1501 261 1560 sed
281 1501 412 1574 Tigurini
432 1517 546 1574 quoque
567 1501 774 1574 repudiarunt,
808 1517 902 1575 neque
929 1517 979 1560 cos
1006 1503 1113 1574 movit,
1146 1505 1223 1577 qnod
1246 1503 1355 1562 Ulricns
1433 1537 1434 1590 3

209 1606 363 1679 zwinglius
389 1605 498 1678 primns
527 1605 606 1662 illurn
637 1605 790 1664 articulum
821 1607 857 1664 de
887 1607 1026 1681 pluritate
1057 1609 1261 1667 salvandorum
1294 1612 1355 1667 atti·

209 1712 307 1784 gisset.

288 1815 438 1874 Postremo
460 1829 523 1872 cum
545 1813 752 1874 Basiliensibus
778 1814 990 1886 professoribus
1016 1815 1118 1876 fuisset
1145 1817 1304 1888 exhibitus,
1333 1818 1357 1874 11
1433 1791 1434 1862 l

210 1937 323 1996 quoque
344 1921 519 1993 rejecerunt.

288 2023 359 2083 Cum
380 2039 448 2082 vero
469 2023 557 2080 trium
585 2023 769 2082 ecclesiarum
797 2023 950 2084 uniformia
979 2026 1089 2098 judicia
1111 2025 1220 2084 Coelius
1242 2027 1357 2105 vidisset

209 2134 310 2186 contra
331 2143 380 2198 se,
412 2125 528 2183 minime
550 2128 673 2184 mutavit
693 2129 886 2196 sententiam,
918 2130 974 2186 imo
1003 2129 1200 2209 ederentque
1223 2131 1356 2204 evulgare
1433 2161 1434 2174 ,

206 2233 335 2292 libellum
355 2247 437 2289 suum
458 2229 616 2303 constituit,
639 2231 878 2304 quemadmodum
900 2233 992 2290 edidit
1012 2241 1099 2308 atque
1121 2235 1281 2307 evulgavit,
1308 2236 1355 2293 sed

208 2353 311 2412 magna
332 2335 447 2406 astutia,
470 2351 506 2392 ne
529 2334 620 2393 dicam
642 2335 810 2408 impostura.

286 2441 339 2498 list
363 2441 393 2498 in
413 2439 528 2498 Rhaetia
556 2439 742 2514 oppidulum,
767 2441 821 2520 ¹cni
848 2457 951 2498 nomen
979 2441 1168 2510 Pnschlavio,
1202 2441 1251 2500 nbi
1277 2449 1355 2516 typo-

206 2548 327 2620 graphia
347 2552 501 2605 exercetur·
521 2548 590 2604 satis
611 2547 707 2604 tenuis
728 2551 815 2620 atque
836 2525 984 2606 obseura¹.
1017 2547 1112 2618 Quare
1132 2546 1241 2604 Ooelius
1258 2547 1357 2604 hucus-

208 2671 263 2726 que
292 2659 356 2710 octo
384 2649 445 2709 fere
477 2650 589 2707 dierum
619 2650 725 2708 itinere
755 2665 809 2722 per
840 2647 1023 2707 difficillimas
1044 2650 1133 2722 Alpes
1160 2643 1252 2706 filium
1283 2649 1355 2706 misit

208 2757 378 2826 Horatium,
411 2753 460 2828 qui
486 2749 617 2812 libellum
644 2761 759 2824 sumptu
780 2753 870 2826 ipsius
892 2753 974 2812 Coelii
1002 2762 1118 2812 curaret
1146 2755 1353 2813 excudendum.

207 2861 339 2928 Exaudit,
361 2865 418 2918 don
440 2858 556 2932 quidem
576 2856 747 2927 Puschlarii,
769 2855 820 2914 sed
841 2855 964 2914 Basileae
985 2857 1100 2914 nomine
1121 2859 1256 2930 apposito
1276 2857 1352 2916 Basi-

207 2967 338 3038 leamque
360 2981 415 3022 non
437 2980 525 3036 parvo
547 2969 660 3036 sumptu
681 2964 841 3036 reportavit
853 2962 891 3020 ad
906 2961 1027 3020 Coelium
1045 2969 1205 3036 parentem,
1228 2963 1351 3036 quitum

205 3069 242 3128 ad
264 3075 421 3128 mereatum
442 3066 715 3138 Franciordianum,
747 3073 808 3125 turn
829 3067 887 3124 alio
915 3069 992 3125 misit
1014 3063 1249 3140 distrahendum,
1281 3083 1349 3142 prae-

205 3175 303 3231 sertim
324 3189 393 3230 vero
414 3173 443 3229 in
460 3170 618 3240 Poloniam,
640 3187 705 3228 narn
719 3169 901 3228 serenissimo
916 3169 1092 3230 Polonorum
1114 3174 1176 3244 regi
1198 3172 1348 3232 dicaverat.

285 3276 342 3335 Sed
363 3294 428 3334 cum
447 3275 574 3348 undique
602 3276 774 3334 audirentur
800 3278 946 3348 querelae,
977 3276 1054 3350 quod
1081 3277 1194 3335 scilicet
1223 3280 1312 3336 malus
1335 3295 1350 3334 a

206 3378 415 3441 Basiliensibus
442 3379 628 3453 typographis
658 3378 814 3450 prodiisset
844 3379 930 3436 liber.
945 3377 1025 3454 (nam
1052 3377 1173 3438 Basileus
1201 3380 1349 3452 putabatur

204 3483 375 3560 impressus]
396 3487 425 3542 et
446 3500 509 3541 cnm
530 3483 593 3556 ipsa
614 3463 701 3540 etiam
722 3479 919 3542 illustrissima
939 3481 1088 3542 Oelsitudo
1104 3485 1211 3542 Vestra
1230 3501 1293 3544 eum
1315 3485 1346 3542 vi·

204 3591 302 3662 disset,
324 3588 475 3648 constituit
495 3587 626 3645 dominos
639 3585 814 3645 Basilieuses
833 3603 885 3644 sua
905 3588 1078 3647 auctoritate
1100 3589 1345 3660 commonefacere,

203 3712 241 3754 ne
261 3699 434 3768 paterentur
453 3693 527 3752 tales
547 3684 770 3757 libros'excudi'
783 3693 858 3764 apud
879 3709 931 3752 se:
957 3709 1078 3767 cumque
1099 3693 1136 3751 ad
1158 3710 1208 3752 eos
1230 3695 1344 3768 scripsis-

203 3807 256 3872 set,
278 3801 320 3858 illi
342 3816 402 3858 rem
422 3777 518 3857 totum¹
534 3799 570 3856 ad
591 3795 770 3869 professores
796 3804 826 3857 et
845 3795 980 3857 censores
1001 3795 1142 3857 libroruin
1162 3799 1344 3873 delegandum

202 3912 350 3978 putarunt.
391 3903 534 3962 Censores
555 3898 654 3976 itaque
673 3904 737 3975 ipsi,
759 3921 822 3962 cum
844 3903 965 3962 Goelinm
987 3905 1024 3962 ad
1045 3921 1075 3962 se
1096 3911 1262 3976 vocassent,
1290 3919 1343 3962 eun

202 4010 238 4067 de
260 4009 371 4067 duobus
390 4010 553 4082 praesertim
574 4009 702 4066 articulis
722 4009 959 4082 interrogarunt,
990 4024 1041 4066 cnr
1065 4009 1146 4066 illum
1174 4009 1279 4068 librum
1300 4011 1342 4066 irn-

201 4113 382 4186 primendum
403 4113 527 4182 dederit,
549 4121 611 4170 cum
633 4111 789 4169 audierita
809 4111 984 4182 censoribus,
1007 4125 1063 4169 uon
1077 4111 1170 4170 rideri
1184 4104 1341 4178 consultum,

200 4217 233 4280 at
253 4223 307 4280 hoc
327 4227 457 4294 ternpore
479 4216 714 4288 imprimeretur?
741 4217 846 4274 deinde
867 4217 1102 4288 interrogarunt,
1135 4227 1187 4274 cnr
1214 4217 1339 4276 honestis·

272 4353 284 4404 l
305 4349 332 4403 S.
352 4368 379 4403 n.
402 4349 459 4402 182.

269 4437 285 4488 2
305 4435 331 4490 S.
351 4454 376 4488 n.
398 4438 458 4490 146.
