2862 5080
750 351 813 416 384
1291 343 1347 400 rese

208 523 339 585 cruciari.
384 523 450 582 Non
471 529 542 595 puto
563 539 627 597 ego,
648 525 786 597 maj0rem
816 521 903 582 tuisse
924 528 1024 582 nostra
1049 527 1137 582 astate
1163 529 1287 597 stragem
1308 541 1349 599 pu·

207 635 292 703 patus
312 628 349 688 ad
368 627 484 686 laudem
505 635 536 686 et
555 628 677 700 gloriam
703 627 800 685 Patris
820 628 955 699 coelestis,
976 625 1045 685 Filii
1066 627 1165 686 dilecti
1186 633 1217 686 et
1238 627 1348 698 Spiritus

211 735 311 794 sancti.
352 733 469 792 Rescivi
489 733 619 806 quidem,
654 733 787 791 Vestram
808 731 1031 790 Illustrissimam
1054 731 1261 790 eelsitudinem
1281 751 1351 792 acce·
1406 713 1411 730 ’

209 839 283 910 pisse
305 838 397 896 eade
418 855 450 897 re
472 837 508 896 ab
531 839 592 910 ipso
613 837 640 896 d.
663 837 699 895 de
721 835 819 895 Conde
841 837 964 895 litteras.
1004 833 1063 894 Sed
1090 853 1144 909 ego
1171 838 1288 896 aliunde
1311 853 1349 895 ac-

210 943 284 1016 cepi.
322 943 418 1002 Audio
440 947 593 1016 praeterea,
624 943 736 1013 inipso
758 941 916 1001 Galliarum
938 956 1029 1014 reguo
1049 941 1097 1014 agi
1117 941 1153 1000 de
1174 940 1352 1000 reformandis

210 1049 351 1107 eeclesiis.
382 1047 596 1107 constitueram
617 1035 739 1120 quidem
753 1046 790 1105 ad
810 1047 1036 1106 illustrissimam
1054 1043 1263 1105 celsitudinem
1275 1044 1350 1104 Suam

209 1153 348 1212 accedere
370 1152 407 1211 ob
428 1152 500 1212 alias
522 1167 638 1225 causas,
665 1153 716 1210 sed
738 1167 813 1210 nunc
834 1153 923 1212 multo
944 1153 1036 1225 magis
1061 1150 1212 1222 accedam,
1239 1157 1272 1209 ut
1297 1168 1350 1208 cnm

209 1257 274 1329 illa,
297 1273 361 1331 qnae
383 1257 484 1317 existit
504 1256 616 1329 fautor,
638 1253 776 1329 nutricia,
808 1262 984 1331 propagator
1006 1273 1081 1314 verae
1103 1256 1235 1316 eeclesias
1255 1255 1349 1315 Christi

210 1369 269 1421 tam
290 1377 359 1422 acer
379 1369 410 1421 at
430 1367 511 1421 tanto
532 1379 595 1421 eum
615 1360 728 1434 fructu,
751 1377 847 1420 coram
868 1369 900 1420 ut
919 1362 1026 1434 possim
1046 1363 1192 1433 gaudere,
1213 1363 1349 1434 gratulari,

210 1467 322 1536 laeteri,
354 1467 459 1526 deinde
487 1473 520 1526 ut
540 1483 600 1541 prm
621 1485 666 1527 me
687 1466 795 1539 ieram,
828 1484 913 1541 quam
934 1467 1108 1540 compositus
1134 1467 1172 1524 sit
1199 1465 1281 1535 mibi,
1307 1481 1349 1540 per

212 1569 267 1628 Dei
288 1570 427 1642 gratiam,
449 1571 578 1638 animus,
610 1587 674 1630 cum
695 1572 769 1628 euim
790 1571 988 1645 responderim
1008 1569 1112 1644 Papae,
1134 1571 1184 1644 qui
1204 1570 1348 1629 illustrissi-

211 1689 274 1732 mos
294 1674 453 1746 principes,
479 1674 528 1748 qui
549 1675 732 1735 Germaniam
753 1677 860 1750 ipsam,
882 1676 931 1750 qui
953 1676 1052 1735 doctos
1072 1676 1236 1748 theologos,
1263 1675 1347 1749 quiin

213 1795 249 1837 ea
268 1785 428 1851 versantur,
449 1779 580 1839 invectus
602 1779 691 1840 luerit
712 1781 905 1840 acerbissime.
937 1781 1082 1856 Respondi
1096 1781 1171 1838 enim
1190 1787 1220 1838 et
1239 1781 1268 1837 in
1286 1793 1348 1853 pra·

212 1881 342 1942 sentibus
363 1881 603 1944 Frankiordianis
631 1887 766 1946 nundinis
792 1889 894 1972 saltem
915 1885 1037 1946 Latinus
1057 1885 1175 1944 libellus
1195 1883 1349 1942 distrahitur

213 2002 278 2046 meo
298 1988 387 2059 ipsius
408 1987 523 2047 nomine
545 1989 732 2050 disertissime
753 1981 854 2050 eontra
879 1990 1082 2048 antichristum
1096 1990 1263 2058 Romanum,
1283 1987 1349 2045 nullu

211 2097 307 2150 tamen
329 2091 374 2150 vel
395 2091 586 2166 Tubingeusis
607 2091 806 2166 typograpbiae
827 2099 877 2152 aut
897 2091 1017 2151 alterius
1037 2093 1152 2152 nomine
1172 2091 1280 2164 posito,
1308 2089 1349 2148 sed

213 2195 324 2255 dicatus
346 2206 390 2255 est
410 2196 605 2256 illustrissimo
626 2197 752 2256 Prussiae
772 2197 846 2256 duci.
879 2197 1002 2257 Videtur
1023 2213 1092 2305 vefo
1106 2196 1290 2270 Regiomouti
1307 2195 1349 2252 im-

213 2317 328 2374 pressus
343 2301 359 2359 ¹.
401 2301 452 2361 Sat
472 2305 540 2373 scio,
563 2303 639 2376 quod
659 2303 722 2375 ipse
743 2302 1015 2378 antichristuseum
1035 2301 1104 2374 suis,
1116 2303 1175 2375 qui
1196 2320 1241 2360 me
1262 2302 1351 2376 querit

213 2404 393 2478 interficere,
424 2405 469 2483 (ut
499 2405 557 2465 dixi
585 2406 695 2482 coram)
727 2395 955 2466 exacerbabitur.
996 2407 1105 2466 Verum
1132 2409 1155 2466 si
1183 2413 1245 2466 toto
1269 2406 1351 2466 auimo

214 2512 316 2586 scripsi
336 2511 475 2572 adversus
497 2529 579 2586 eum,
610 2512 792 2588 patefecique
819 2513 956 2588 quasdam
985 2515 1048 2585 ejns
1073 2511 1211 2583 iusidias,
1242 2511 1351 2569 vicissim

215 2615 361 2690 constitui,
383 2617 531 2676 abstinere
554 2627 654 2677 contra
674 2619 835 2693 quempiam
856 2619 952 2692 alium,
975 2636 1058 2693 quem
1080 2617 1283 2677 Illustrissimae
1297 2615 1352 2674 Gal·
1419 2667 1420 2674 ,

214 2719 334 2779 situdini
358 2721 470 2780 Vestrae
496 2721 596 2793 scripsi
616 2721 764 2796 scripsisse
785 2728 885 2781 eontra
905 2739 959 2780 me.
998 2721 1109 2780 Mortui
1129 2723 1270 2795 sepeliant
1288 2737 1352 2778 mor·

215 2831 281 2884 tuos
302 2843 378 2885 suos
420 2826 484 2885 Non
513 2826 598 2884 decet
619 2824 798 2884 Christianos
826 2827 953 2885 scribere
978 2827 1007 2883 in
1035 2843 1220 2901 quemquem,
1250 2827 1288 2884 sic
1314 2840 1351 2881 me

215 2931 341 2992 coelestis
362 2931 450 2990 Peter
471 2931 600 2991 arrnavit.
633 2909 731 3004 Spero*
745 2937 849 3002 tamen,
875 2931 1010 2990 Vestram
1030 2917 1255 2992 illustrissimam
1275 2929 1353 2990 Gelsi-

215 3033 343 3092 tudinem
366 3050 422 3091 nou
440 3031 604 3092 defuturam
617 3033 686 3092 milri
700 3033 856 3092 christiano
871 3034 979 3091 bomini
993 3035 1022 3092 in
1037 3035 1091 3095 bae
1102 3037 1258 3109 justissima
1268 3049 1351 3102 causa,

217 3139 265 3212 qui
286 3137 384 3211 quieto
401 3139 495 3198 animo
514 3155 624 3198 coenam
651 3138 821 3197 dominicam
841 3155 959 3211 sumam,
981 3139 1005 3198 si
1018 3141 1243 3216 Deuslvoluerit.
1272 3139 1352 3215 Spero

216 3250 313 3304 autem
334 3262 379 3302 me
400 3243 556 3303 affuturum
575 3243 606 3302 in
635 3251 773 3316 tempore.
817 3245 991 3304 Commendo
1022 3264 1068 3305 me
1100 3252 1265 3305 reverenter
1288 3241 1351 3298 Illu·

216 3349 363 3409 strissimae
383 3349 554 3409 eelsitudini
570 3348 693 3406 Vestrae.
725 3345 857 3406 Coelestis
870 3346 960 3406 Pater
979 3357 1087 3422 augeat
1105 3349 1148 3408 illi
1169 3365 1232 3407 suos
1252 3343 1351 3404 divinos
1417 3335 1418 3390 ἰ

216 3456 379 3537 thesauros,
401 3455 532 3528 spiritum
553 3461 583 3514 et
603 3453 689 3514 fidem
710 3470 763 3528 per
784 3453 930 3512 Christum
951 3454 1098 3514 domiuum
1120 3460 1254 3514 nostrum.

296 3560 403 3619 Datum
423 3559 563 3634 Tubiugae
584 3560 631 3618 die
652 3559 775 3634 septimo
796 3558 905 3630 Aprilis
926 3575 1001 3617 anno
1025 3559 1110 3617 1563.

445 3666 648 3726 illustrissimae
670 3663 859 3724 celsitudinis
879 3665 993 3723 Vestra
1018 3663 1143 3724 servitor

1125 3766 1276 3840 Verginius.

765 3983 829 4039 180.

526 4099 651 4188 Verger
674 4071 856 4196 anniuerzog
881 4101 1066 4185 Christopb.
1092 4105 1106 4124 ‘

582 4223 732 4296 Tttbingen
755 4227 792 4280 24
812 4225 898 4298 April
920 4225 1004 4283 1563.

785 4336 800 4370 i<

290 4414 301 4464 l
322 4411 349 4465 S.
368 4431 394 4464 n.
415 4414 472 4466 170.
494 4414 552 4466 173.
