2884 5074
675 305 676 310 Ν
757 354 820 414 soe
1300 344 1357 400 uss
1433 393 1434 398 i

213 527 429 604 argumentum)
451 527 528 602 quod
542 527 640 585 Caesar
660 525 831 598 religionem
853 523 934 582 nullo
954 523 1039 582 modo
1058 527 1150 594 curat,
1172 541 1258 596 quam
1272 530 1358 584 tanen

212 632 242 690 iu
263 629 395 690 omuibus
415 629 577 692 actionibus
599 631 676 700 suis,
708 634 741 686 ut
768 627 798 686 in
826 627 882 686 ista
910 640 969 685 suae
989 627 1140 686 ambitioni
1162 644 1277 700 semper
1296 647 1358 702 pre·

212 741 325 804 texunt,
347 742 379 796 ut
399 735 576 810 simplicibus
596 732 760 810 homiuibus
781 739 811 791 et
832 731 958 792 credulis
979 729 1092 790 facilius
1114 732 1288 808 imponeret,
1309 734 1358 794 dio

213 847 260 900 tus
280 856 332 898 rex
352 839 499 900 Bobemiae
530 847 560 899 et
585 840 676 900 ceteri
697 853 795 898 ornnes
817 838 981 896 Germanias
1009 837 1154 910 principes
1183 837 1239 896 sibi
1267 855 1359 898 canere
1433 819 1434 852 ³

214 953 244 1004 et
264 945 301 1004 da
322 944 409 1004 rebus
430 947 490 1002 suis
511 946 704 1018 libertateque
733 945 863 1016 cogitare
892 941 1008 1001 debent.
1050 941 1096 1002 Ad
1125 941 1187 1001 haeo
1215 943 1360 1003 cardinalis

213 1048 321 1110 Polus¹
334 1050 455 1122 Anglns,
478 1050 535 1122 qui,
559 1065 644 1122 quam
665 1049 739 1108 bono
761 1047 856 1107 animo
877 1049 907 1106 in
926 1062 1024 1106 omues
1035 1045 1196 1106 Germanos
1217 1055 1301 1118 esset,
1320 1066 1360 1108 su·

213 1153 376 1230 perioribus
397 1154 499 1213 diebus
522 1153 601 1212 editu
621 1159 722 1212 contra
744 1153 810 1212 illos
831 1150 963 1212 oratione
986 1151 1123 1224 ostendit,
1146 1159 1183 1212 et·
1199 1153 1293 1214 dictus
1306 1155 1361 1213 Mo·

213 1276 267 1318 rou
288 1265 354 1318 sunt
374 1257 538 1318 amicissimi
560 1265 590 1317 et
610 1265 755 1332 tamquam
777 1255 892 1316 tratres.
924 1257 1025 1331 Itaque
1047 1258 1212 1318 interillos
1233 1260 1361 1319 constitu·

213 1369 274 1424 tum
295 1369 354 1436 est,
385 1369 418 1421 ut
438 1361 608 1422 tabellarios
629 1361 792 1421 ordinarios
812 1361 955 1434 habeant,
989 1379 1061 1436 quos
1082 1363 1159 1450 ultro
1181 1363 1311 1438 citroque
1331 1364 1361 1424 ad

214 1485 245 1527 se
266 1470 383 1526 mittent
403 1473 433 1526 et
453 1469 616 1536 remittent,
651 1471 683 1526 ut
704 1467 845 1525 communi
866 1466 987 1526 consilio
1008 1483 1070 1525 rem
1090 1473 1205 1539 gerant.
1248 1467 1293 1526 Ex
1311 1470 1361 1528 ista

216 1574 302 1630 ctiam
322 1571 517 1645 intelligentia
537 1589 621 1645 reges
640 1573 833 1630 Romanorum
856 1577 887 1631 et
908 1571 1054 1630 Bobemiee
1075 1577 1196 1645 possunt
1218 1575 1362 1646 conjicere,

217 1676 285 1751 quid
306 1675 361 1735 sibi
381 1678 535 1736 immineat.
578 1677 636 1737 Sed
656 1678 694 1736 ad
713 1677 798 1737 istem
820 1679 1049 1751 conjurationem
1071 1676 1281 1738 debilitandam
1299 1679 1362 1738 nibil

218 1782 249 1840 in
270 1781 426 1856 praesentia
448 1781 593 1841 efficacius
615 1793 677 1841 esse
699 1781 830 1855 vitietur,
863 1799 947 1856 quarn
969 1783 993 1840 si
1013 1783 1160 1856 principes
1188 1799 1302 1855 omnes,
1330 1783 1362 1842 de

221 1903 342 1961 quorum
364 1887 450 1944 rebus
471 1892 501 1945 et
527 1887 663 1946 libertate
691 1889 798 1969 agitur,
828 1887 944 1948 diaetum
966 1887 1163 1960 Augustananr
1192 1887 1298 1948 directe
1322 1889 1363 1947 nel

217 1991 360 2050 indirecte
381 2009 438 2051 nou
459 1991 620 2050 assistendo
641 1993 773 2051 inutilem
793 1992 926 2051 reddunt.

760 2264 824 2322 239.

524 2389 650 2476 Verger
672 2413 714 2455 an
738 2390 857 2477 herzog
880 2389 1063 2474 Chrisioph.

641 2521 709 2580 Sine
730 2522 799 2582 dato
821 2525 851 2581 et
872 2523 945 2581 loco.

630 2637 634 2649 '
668 2619 736 2678 Mod
761 2623 828 2680 1555
850 2621 918 2678 sein.

287 2735 416 2792 Furnius
434 2737 481 2791 itin
499 2739 515 2791 2
533 2737 691 2808 geiuugene
710 2737 738 2790 in
758 2733 839 2792 (irus.

294 2835 488 2896 Illustrissime
509 2835 648 2912 Princeps
669 2843 699 2896 55
719 2837 842 2897 Domine
864 2837 987 2898 Domine
1009 2837 1242 2899 Gratiosissime!

294 2939 399 2999 Vestra
420 2939 568 3000 Celsitutlo
590 2941 709 3018 dignata
739 2949 784 3002 est
811 2959 863 3014 pro
894 2960 945 3001 sua
970 2942 1124 3003 clementia
1146 2949 1176 3002 55
1197 2945 1306 3017 pietate
1323 2944 1359 3001 in·

216 3049 370 3116 terponere
391 3046 593 3105 auctoritatem
614 3062 693 3104 suum
710 3047 787 3120 apud
803 3049 1017 3106 serenissimum
1030 3063 1130 3121 regem
1143 3047 1303 3108 Romanum
1315 3053 1360 3107 etc.

217 3153 304 3222 utque
324 3149 433 3208 instare
455 3166 507 3222 pro
528 3149 701 3210 liberatione
723 3151 839 3209 illorum
865 3151 986 3209 duorum
1017 3149 1178 3210 infelicium
1206 3152 1359 3211 adolescen·

216 3259 289 3326 tum,
312 3255 565 3328 compatriotarum
585 3271 714 3314 meorum
727 3253 747 3328 ²,
769 3256 818 3329 qui
836 3257 897 3328 jam
918 3253 980 3314 iere
1000 3260 1112 3328 septem
1132 3257 1216 3315 annis
1236 3263 1361 3316 tenentm

218 3359 247 3416 in
260 3357 418 3416 durissimis
436 3359 565 3432 vinculis,
588 3366 618 3418 et
638 3360 755 3434 quidem
774 3361 1010 3420 innocentissimi.
1042 3359 1099 3421 Sed
1112 3361 1229 3422 undem
1245 3363 1360 3421 d.Bern·

218 3461 531 3534 bardinusManesius,
544 3465 675 3524 inimicus
695 3465 811 3524 illorum
830 3465 1057 3538 crudelissimus,
1077 3466 1204 3526 obtinuit
1224 3484 1289 3526 oum
1307 3467 1359 3525 eliis

218 3567 277 3625 suis
310 3567 447 3642 Hispanis
475 3571 552 3642 apud
578 3570 701 3629 eandem
727 3573 839 3644 regiam
866 3571 1071 3645 Msjestatem,
1102 3578 1134 3630 ut
1159 3572 1203 3630 illi
1229 3587 1358 3648 nunqnam

219 3672 330 3744 possint
351 3671 430 3730 exire
453 3689 488 3730 ex
509 3673 680 3762 carceribus,
702 3675 756 3732 nisi
777 3675 938 3748 priostum
959 3675 1029 3748 ipsi,
1059 3682 1119 3735 turn
1140 3675 1249 3736 fratres
1269 3684 1299 3736 et
1316 3677 1357 3734 ali-

220 3785 290 3850 quot
311 3781 517 3851 consanguinei
539 3797 638 3840 eorum
660 3781 730 3840 dent
750 3783 889 3855 scriptum
909 3783 998 3853 regies
1019 3782 1178 3854 Mujestati,
1200 3781 1230 3839 in
1252 3799 1305 3856 qno
1324 3777 1357 3839 al·

220 3879 344 3954 firment,
366 3889 500 3957 parentes
522 3901 621 3946 eorum
635 3886 696 3963 (qui
712 3887 890 3961 scilicetjam
900 3887 1006 3946 mortui
1019 3885 1097 3963 sunt)
1111 3885 1200 3945 luisse
1208 3886 1355 3959 proditores

219 3990 249 4042 et
275 3983 452 4057 nebulones;
483 4005 548 4046 num
577 3990 626 4047 ille
647 3989 813 4061 Manesius,
844 3990 892 4063 qui
914 3989 1041 4048 castrum
1062 3997 1092 4050 et
1113 3989 1188 4050 bona
1208 4008 1302 4050 eorum
1319 3991 1354 4046 in·

215 4089 375 4162 iustissime
396 4093 562 4166 occupavit,
584 4101 682 4166 sperat
702 4111 756 4170 per
776 4095 865 4155 talem
886 4088 1095 4156 confessionem
1116 4113 1148 4156 se
1168 4112 1251 4170 posse
1269 4092 1353 4168 acqui·

788 4227 803 4260 sk

290 4327 304 4380 1
325 4325 352 4380 S.
375 4343 402 4380 n.
423 4327 465 4382 10.

228 4412 466 4470 f2dmst
