<?xml version="1.0" encoding="UTF-8"?>
<!DOCTYPE html PUBLIC "-//W3C//DTD XHTML 1.0 Transitional//EN"
    "http://www.w3.org/TR/xhtml1/DTD/xhtml1-transitional.dtd">
<html xmlns="http://www.w3.org/1999/xhtml" xml:lang="en" lang="en">
 <head>
  <title>
</title>
<meta http-equiv="Content-Type" content="text/html;charset=utf-8" />
  <meta name='ocr-system' content='tesseract 3.04.00' />
  <meta name='ocr-capabilities' content='ocr_page ocr_carea ocr_par ocr_line ocrx_word'/>
</head>
<body>
  <div class='ocr_page' id='page_1' title='image "./briefwechselzwi01verggoog/briefwechselzwi01verggoog_0463.png"; bbox 0 0 2884 5074; ppageno 0'>
   <div class='ocr_carea' id='block_1_1' title="bbox 768 323 1374 416">
    <p class='ocr_par' dir='ltr' id='par_1_1' title="bbox 768 323 1374 416">
     <span class='ocr_line' id='line_1_1' title="bbox 768 323 1374 416; baseline 0 -1"><span class='ocrx_word' id='word_1_1' title='bbox 768 323 830 416; x_wconf 76' lang='lat' dir='ltr'><strong>suh</strong></span> <span class='ocrx_word' id='word_1_2' title='bbox 1310 351 1374 405; x_wconf 79' lang='lat'>1⁵54</span> 
     </span>
    </p>
   </div>
   <div class='ocr_carea' id='block_1_2' title="bbox 224 519 1375 1436">
    <p class='ocr_par' dir='ltr' id='par_1_2' title="bbox 224 519 1375 1436">
     <span class='ocr_line' id='line_1_2' title="bbox 230 519 1374 598; baseline 0.001 -14"><span class='ocrx_word' id='word_1_3' title='bbox 230 525 274 584; x_wconf 85' lang='lat' dir='ltr'><strong>vir</strong></span> <span class='ocrx_word' id='word_1_4' title='bbox 295 524 380 584; x_wconf 81' lang='lat' dir='ltr'><strong>vuldo</strong></span> <span class='ocrx_word' id='word_1_5' title='bbox 401 525 503 584; x_wconf 85' lang='lat' dir='ltr'><strong>doetus</strong></span> <span class='ocrx_word' id='word_1_6' title='bbox 523 529 612 598; x_wconf 83' lang='lat' dir='ltr'><strong>etque</strong></span> <span class='ocrx_word' id='word_1_7' title='bbox 633 523 709 583; x_wconf 86' lang='lat' dir='ltr'><strong>idem</strong></span> <span class='ocrx_word' id='word_1_8' title='bbox 730 523 815 582; x_wconf 85' lang='lat' dir='ltr'><strong>uelde</strong></span> <span class='ocrx_word' id='word_1_9' title='bbox 836 523 917 595; x_wconf 90' lang='lat' dir='ltr'><strong>pius;</strong></span> <span class='ocrx_word' id='word_1_10' title='bbox 939 539 1026 596; x_wconf 91' lang='lat' dir='ltr'><strong>quum</strong></span> <span class='ocrx_word' id='word_1_11' title='bbox 1047 519 1177 581; x_wconf 87' lang='lat' dir='ltr'><strong>Bueerus</strong></span> <span class='ocrx_word' id='word_1_12' title='bbox 1191 522 1216 595; x_wconf 87' lang='lat'><strong>¹,</strong></span> <span class='ocrx_word' id='word_1_13' title='bbox 1243 525 1300 596; x_wconf 81' lang='lat' dir='ltr'><strong>pise</strong></span> <span class='ocrx_word' id='word_1_14' title='bbox 1321 543 1374 585; x_wconf 76' lang='lat' dir='ltr'><strong>me</strong></span> 
     </span>
     <span class='ocr_line' id='line_1_3' title="bbox 225 623 1373 704; baseline -0.001 -14"><span class='ocrx_word' id='word_1_15' title='bbox 225 629 344 702; x_wconf 83' lang='lat' dir='ltr'><strong>moriae,</strong></span> <span class='ocrx_word' id='word_1_16' title='bbox 376 631 406 688; x_wconf 94' lang='lat' dir='ltr'><strong>iu</strong></span> <span class='ocrx_word' id='word_1_17' title='bbox 426 629 559 702; x_wconf 81' lang='lat' dir='ltr'><strong>Angliom</strong></span> <span class='ocrx_word' id='word_1_18' title='bbox 582 633 755 699; x_wconf 77' lang='lat' dir='ltr'><strong>uocaretur,</strong></span> <span class='ocrx_word' id='word_1_19' title='bbox 787 642 845 684; x_wconf 83' lang='lat' dir='ltr'><strong>uua</strong></span> <span class='ocrx_word' id='word_1_20' title='bbox 871 631 991 684; x_wconf 80' lang='lat' dir='ltr'><strong>vocotus</strong></span> <span class='ocrx_word' id='word_1_21' title='bbox 1017 623 1072 685; x_wconf 88' lang='lat' dir='ltr'><strong>fuit</strong></span> <span class='ocrx_word' id='word_1_22' title='bbox 1092 628 1116 684; x_wconf 92' lang='lat' dir='ltr'><strong>is</strong></span> <span class='ocrx_word' id='word_1_23' title='bbox 1137 627 1300 701; x_wconf 83' lang='lat' dir='ltr'><strong>Emeuuel‚</strong></span> <span class='ocrx_word' id='word_1_24' title='bbox 1331 633 1373 704; x_wconf 89' lang='lat' dir='ltr'><strong>qui</strong></span> 
     </span>
     <span class='ocr_line' id='line_1_4' title="bbox 225 730 1372 808; baseline -0.002 -14"><span class='ocrx_word' id='word_1_25' title='bbox 225 733 408 807; x_wconf 79' lang='lat' dir='ltr'><strong>Centobrigee</strong></span> <span class='ocrx_word' id='word_1_26' title='bbox 429 731 607 808; x_wconf 78' lang='lat' dir='ltr'><strong>aliquamdiu</strong></span> <span class='ocrx_word' id='word_1_27' title='bbox 628 730 775 806; x_wconf 81' lang='lat' dir='ltr'><strong>professus</strong></span> <span class='ocrx_word' id='word_1_28' title='bbox 804 731 921 790; x_wconf 79' lang='lat' dir='ltr'><strong>tandem</strong></span> <span class='ocrx_word' id='word_1_29' title='bbox 942 737 1062 804; x_wconf 90' lang='lat' dir='ltr'><strong>propter</strong></span> <span class='ocrx_word' id='word_1_30' title='bbox 1083 731 1278 792; x_wconf 77' lang='lat' dir='ltr'>turbationem</span> <span class='ocrx_word' id='word_1_31' title='bbox 1298 737 1372 808; x_wconf 76' lang='lat' dir='ltr'><strong>regui</strong></span> 
     </span>
     <span class='ocr_line' id='line_1_5' title="bbox 226 835 1373 912; baseline -0.003 -12"><span class='ocrx_word' id='word_1_32' title='bbox 226 843 273 900; x_wconf 83' lang='lat' dir='ltr'><strong>rix</strong></span> <span class='ocrx_word' id='word_1_33' title='bbox 295 840 387 900; x_wconf 83' lang='lat' dir='ltr'><strong>erosit</strong></span> <span class='ocrx_word' id='word_1_34' title='bbox 407 845 437 899; x_wconf 90' lang='lat' dir='ltr'><strong>et</strong></span> <span class='ocrx_word' id='word_1_35' title='bbox 458 839 646 912; x_wconf 81' lang='lat' dir='ltr'><strong>Argentiuum</strong></span> <span class='ocrx_word' id='word_1_36' title='bbox 667 853 699 895; x_wconf 91' lang='lat' dir='ltr'><strong>se</strong></span> <span class='ocrx_word' id='word_1_37' title='bbox 720 837 848 912; x_wconf 84' lang='lat' dir='ltr'><strong>recepit,</strong></span> <span class='ocrx_word' id='word_1_38' title='bbox 876 835 925 894; x_wconf 88' lang='lat' dir='ltr'><strong>ubi</strong></span> <span class='ocrx_word' id='word_1_39' title='bbox 947 835 1041 894; x_wconf 84' lang='lat' dir='ltr'><strong>locum</strong></span> <span class='ocrx_word' id='word_1_40' title='bbox 1062 853 1144 895; x_wconf 89' lang='lat' dir='ltr'><strong>suum</strong></span> <span class='ocrx_word' id='word_1_41' title='bbox 1164 839 1277 897; x_wconf 87' lang='lat' dir='ltr'><strong>invenit</strong></span> <span class='ocrx_word' id='word_1_42' title='bbox 1298 855 1373 898; x_wconf 86' lang='lat' dir='ltr'><strong>oecu-</strong></span> 
     </span>
     <span class='ocr_line' id='line_1_6' title="bbox 224 942 1373 1020; baseline -0.003 -14"><span class='ocrx_word' id='word_1_43' title='bbox 224 953 339 1020; x_wconf 78' lang='lat' dir='ltr'><strong>putum,</strong></span> <span class='ocrx_word' id='word_1_44' title='bbox 364 945 463 1018; x_wconf 82' lang='lat' dir='ltr'><strong>ltaque</strong></span> <span class='ocrx_word' id='word_1_45' title='bbox 485 944 611 1004; x_wconf 84' lang='lat' dir='ltr'><strong>libenter</strong></span> <span class='ocrx_word' id='word_1_46' title='bbox 631 944 686 1002; x_wconf 89' lang='lat' dir='ltr'><strong>hue</strong></span> <span class='ocrx_word' id='word_1_47' title='bbox 708 944 822 1002; x_wconf 87' lang='lat' dir='ltr'><strong>veniret</strong></span> <span class='ocrx_word' id='word_1_48' title='bbox 849 948 879 1000; x_wconf 90' lang='lat' dir='ltr'><strong>et</strong></span> <span class='ocrx_word' id='word_1_49' title='bbox 899 943 1124 1001; x_wconf 85' lang='lat' dir='ltr'><strong>communicaret</strong></span> <span class='ocrx_word' id='word_1_50' title='bbox 1145 942 1253 1002; x_wconf 88' lang='lat' dir='ltr'><strong>donum</strong></span> <span class='ocrx_word' id='word_1_51' title='bbox 1274 950 1373 1003; x_wconf 77' lang='lat' dir='ltr'><strong>sancte</strong></span> 
     </span>
     <span class='ocr_line' id='line_1_7' title="bbox 224 1045 1373 1122; baseline -0.002 -14"><span class='ocrx_word' id='word_1_52' title='bbox 224 1051 300 1110; x_wconf 90' lang='lat' dir='ltr'><strong>illius</strong></span> <span class='ocrx_word' id='word_1_53' title='bbox 320 1050 442 1122; x_wconf 73' lang='lat' dir='ltr'><strong>lingue,</strong></span> <span class='ocrx_word' id='word_1_54' title='bbox 471 1049 499 1105; x_wconf 90' lang='lat' dir='ltr'><strong>iu</strong></span> <span class='ocrx_word' id='word_1_55' title='bbox 522 1063 579 1122; x_wconf 85' lang='lat' dir='ltr'><strong>que</strong></span> <span class='ocrx_word' id='word_1_56' title='bbox 599 1045 687 1106; x_wconf 82' lang='lat' dir='ltr'><strong>sudio</strong></span> <span class='ocrx_word' id='word_1_57' title='bbox 709 1064 774 1104; x_wconf 88' lang='lat' dir='ltr'><strong>euru</strong></span> <span class='ocrx_word' id='word_1_58' title='bbox 796 1045 880 1104; x_wconf 84' lang='lat' dir='ltr'><strong>uelde</strong></span> <span class='ocrx_word' id='word_1_59' title='bbox 901 1046 1062 1118; x_wconf 84' lang='lat' dir='ltr'><strong>excellere,</strong></span> <span class='ocrx_word' id='word_1_60' title='bbox 1091 1049 1159 1120; x_wconf 90' lang='lat' dir='ltr'><strong>quin</strong></span> <span class='ocrx_word' id='word_1_61' title='bbox 1180 1053 1253 1120; x_wconf 91' lang='lat' dir='ltr'><strong>puto</strong></span> <span class='ocrx_word' id='word_1_62' title='bbox 1282 1056 1373 1108; x_wconf 83' lang='lat' dir='ltr'><strong>uatum</strong></span> 
     </span>
     <span class='ocr_line' id='line_1_8' title="bbox 226 1151 1373 1224; baseline -0.002 -11"><span class='ocrx_word' id='word_1_63' title='bbox 226 1171 290 1214; x_wconf 87' lang='lat' dir='ltr'><strong>esse</strong></span> <span class='ocrx_word' id='word_1_64' title='bbox 305 1153 461 1212; x_wconf 77' lang='lat' dir='ltr'><strong>Hehraeum</strong></span> <span class='ocrx_word' id='word_1_65' title='bbox 482 1158 512 1210; x_wconf 88' lang='lat' dir='ltr'><strong>et</strong></span> <span class='ocrx_word' id='word_1_66' title='bbox 532 1151 673 1211; x_wconf 81' lang='lat' dir='ltr'><strong>effulsisse</strong></span> <span class='ocrx_word' id='word_1_67' title='bbox 694 1151 737 1210; x_wconf 93' lang='lat' dir='ltr'><strong>illi</strong></span> <span class='ocrx_word' id='word_1_68' title='bbox 759 1152 854 1210; x_wconf 88' lang='lat' dir='ltr'><strong>lumen</strong></span> <span class='ocrx_word' id='word_1_69' title='bbox 875 1151 986 1224; x_wconf 78' lang='lat' dir='ltr'><strong>gretie,</strong></span> <span class='ocrx_word' id='word_1_70' title='bbox 1007 1151 1085 1224; x_wconf 88' lang='lat' dir='ltr'><strong>quod</strong></span> <span class='ocrx_word' id='word_1_71' title='bbox 1106 1169 1143 1210; x_wconf 83' lang='lat' dir='ltr'><strong>ex</strong></span> <span class='ocrx_word' id='word_1_72' title='bbox 1162 1155 1296 1214; x_wconf 85' lang='lat' dir='ltr'><strong>tenebris</strong></span> <span class='ocrx_word' id='word_1_73' title='bbox 1315 1171 1373 1212; x_wconf 91' lang='lat' dir='ltr'><strong>euru</strong></span> 
     </span>
     <span class='ocr_line' id='line_1_9' title="bbox 227 1256 1374 1334; baseline -0.006 -12"><span class='ocrx_word' id='word_1_74' title='bbox 227 1263 342 1334; x_wconf 84' lang='lat' dir='ltr'><strong>eripuit,</strong></span> <span class='ocrx_word' id='word_1_75' title='bbox 364 1259 440 1318; x_wconf 90' lang='lat' dir='ltr'><strong>uude</strong></span> <span class='ocrx_word' id='word_1_76' title='bbox 455 1260 566 1332; x_wconf 86' lang='lat' dir='ltr'><strong>mejore</strong></span> <span class='ocrx_word' id='word_1_77' title='bbox 587 1259 674 1316; x_wconf 89' lang='lat' dir='ltr'><strong>etium</strong></span> <span class='ocrx_word' id='word_1_78' title='bbox 696 1256 794 1316; x_wconf 80' lang='lat' dir='ltr'><strong>furore</strong></span> <span class='ocrx_word' id='word_1_79' title='bbox 817 1257 920 1329; x_wconf 76' lang='lat' dir='ltr'><strong>diguus</strong></span> <span class='ocrx_word' id='word_1_80' title='bbox 941 1263 998 1328; x_wconf 91' lang='lat' dir='ltr'><strong>est,</strong></span> <span class='ocrx_word' id='word_1_81' title='bbox 1026 1261 1059 1314; x_wconf 93' lang='lat' dir='ltr'><strong>ut</strong></span> <span class='ocrx_word' id='word_1_82' title='bbox 1079 1263 1227 1330; x_wconf 80' lang='lat' dir='ltr'><strong>agnoscet,</strong></span> <span class='ocrx_word' id='word_1_83' title='bbox 1250 1275 1283 1317; x_wconf 89' lang='lat' dir='ltr'><strong>se</strong></span> <span class='ocrx_word' id='word_1_84' title='bbox 1303 1261 1374 1317; x_wconf 83' lang='lat' dir='ltr'><strong>iure·</strong></span> 
     </span>
     <span class='ocr_line' id='line_1_10' title="bbox 224 1361 1375 1436; baseline -0.002 -12"><span class='ocrx_word' id='word_1_85' title='bbox 224 1367 301 1424; x_wconf 88' lang='lat' dir='ltr'><strong>nisse</strong></span> <span class='ocrx_word' id='word_1_86' title='bbox 315 1381 446 1424; x_wconf 86' lang='lat' dir='ltr'><strong>veruoem</strong></span> <span class='ocrx_word' id='word_1_87' title='bbox 457 1365 551 1424; x_wconf 86' lang='lat' dir='ltr'><strong>Deum</strong></span> <span class='ocrx_word' id='word_1_88' title='bbox 566 1369 679 1436; x_wconf 85' lang='lat' dir='ltr'><strong>patrem</strong></span> <span class='ocrx_word' id='word_1_89' title='bbox 697 1368 828 1420; x_wconf 89' lang='lat' dir='ltr'><strong>nostrum</strong></span> <span class='ocrx_word' id='word_1_90' title='bbox 849 1361 1044 1434; x_wconf 81' lang='lat' dir='ltr'>pollicentem,</span> <span class='ocrx_word' id='word_1_91' title='bbox 1065 1377 1097 1418; x_wconf 88' lang='lat' dir='ltr'><strong>se</strong></span> <span class='ocrx_word' id='word_1_92' title='bbox 1118 1378 1174 1420; x_wconf 90' lang='lat' dir='ltr'><strong>nou</strong></span> <span class='ocrx_word' id='word_1_93' title='bbox 1195 1363 1375 1422; x_wconf 86' lang='lat' dir='ltr'><strong>deserturum</strong></span> 
     </span>
    </p>
   </div>
   <div class='ocr_carea' id='block_1_3' title="bbox 225 1465 1381 1542">
    <p class='ocr_par' dir='ltr' id='par_1_3' title="bbox 225 1465 1381 1542">
     <span class='ocr_line' id='line_1_11' title="bbox 225 1465 1381 1542; baseline -0.005 -12"><span class='ocrx_word' id='word_1_94' title='bbox 225 1487 307 1542; x_wconf 90' lang='lat' dir='ltr'><strong>suos;</strong></span> <span class='ocrx_word' id='word_1_95' title='bbox 338 1469 474 1542; x_wconf 78' lang='lat' dir='ltr'><strong>proposui</strong></span> <span class='ocrx_word' id='word_1_96' title='bbox 503 1485 565 1526; x_wconf 89' lang='lat' dir='ltr'><strong>rem</strong></span> <span class='ocrx_word' id='word_1_97' title='bbox 592 1468 620 1526; x_wconf 94' lang='lat' dir='ltr'><strong>d.</strong></span> <span class='ocrx_word' id='word_1_98' title='bbox 646 1469 762 1539; x_wconf 82' lang='lat' dir='ltr'><strong>rectori,</strong></span> <span class='ocrx_word' id='word_1_99' title='bbox 792 1467 819 1524; x_wconf 92' lang='lat' dir='ltr'><strong>d.</strong></span> <span class='ocrx_word' id='word_1_100' title='bbox 841 1465 968 1524; x_wconf 88' lang='lat' dir='ltr'><strong>Frechto</strong></span> <span class='ocrx_word' id='word_1_101' title='bbox 981 1465 1010 1538; x_wconf 80' lang='lat'><strong>¹,</strong></span> <span class='ocrx_word' id='word_1_102' title='bbox 1032 1465 1059 1524; x_wconf 91' lang='lat' dir='ltr'><strong>d.</strong></span> <span class='ocrx_word' id='word_1_103' title='bbox 1080 1467 1232 1526; x_wconf 84' lang='lat' dir='ltr'><strong>Fuehsio⁸</strong></span> <span class='ocrx_word' id='word_1_104' title='bbox 1260 1474 1291 1525; x_wconf 91' lang='lat' dir='ltr'><strong>et</strong></span> <span class='ocrx_word' id='word_1_105' title='bbox 1315 1468 1381 1526; x_wconf 85' lang='lat' dir='ltr'><strong>ollis¹</strong></span> 
     </span>
    </p>
   </div>
   <div class='ocr_carea' id='block_1_4' title="bbox 195 1570 1373 2486">
    <p class='ocr_par' dir='ltr' id='par_1_4' title="bbox 195 1570 1373 2486">
     <span class='ocr_line' id='line_1_12' title="bbox 225 1570 1372 1650; baseline -0.005 -16"><span class='ocrx_word' id='word_1_106' title='bbox 225 1573 414 1650; x_wconf 87' lang='lat' dir='ltr'><strong>quibusdem,</strong></span> <span class='ocrx_word' id='word_1_107' title='bbox 444 1572 548 1648; x_wconf 86' lang='lat' dir='ltr'><strong>quibus</strong></span> <span class='ocrx_word' id='word_1_108' title='bbox 576 1573 604 1630; x_wconf 93' lang='lat' dir='ltr'><strong>d.</strong></span> <span class='ocrx_word' id='word_1_109' title='bbox 626 1571 727 1630; x_wconf 88' lang='lat' dir='ltr'><strong>dootor</strong></span> <span class='ocrx_word' id='word_1_110' title='bbox 746 1571 882 1630; x_wconf 85' lang='lat' dir='ltr'><strong>Kilieuus</strong></span> <span class='ocrx_word' id='word_1_111' title='bbox 902 1575 932 1628; x_wconf 88' lang='lat' dir='ltr'><strong>et</strong></span> <span class='ocrx_word' id='word_1_112' title='bbox 953 1570 1055 1630; x_wconf 86' lang='lat' dir='ltr'><strong>doctor</strong></span> <span class='ocrx_word' id='word_1_113' title='bbox 1074 1571 1202 1632; x_wconf 83' lang='lat' dir='ltr'><strong>Ehemus</strong></span> <span class='ocrx_word' id='word_1_114' title='bbox 1223 1573 1309 1632; x_wconf 84' lang='lat' dir='ltr'><strong>vuldo</strong></span> <span class='ocrx_word' id='word_1_115' title='bbox 1329 1571 1372 1630; x_wconf 86' lang='lat' dir='ltr'><strong>ho</strong></span> 
     </span>
     <span class='ocr_line' id='line_1_13' title="bbox 195 1677 1373 1751; baseline 0 -13"><span class='ocrx_word' id='word_1_116' title='bbox 195 1695 199 1702; x_wconf 91' lang='lat'>·</span> <span class='ocrx_word' id='word_1_117' title='bbox 226 1696 294 1738; x_wconf 87' lang='lat' dir='ltr'><strong>num</strong></span> <span class='ocrx_word' id='word_1_118' title='bbox 315 1677 512 1738; x_wconf 88' lang='lat' dir='ltr'><strong>testimouium</strong></span> <span class='ocrx_word' id='word_1_119' title='bbox 534 1678 570 1738; x_wconf 88' lang='lat' dir='ltr'><strong>de</strong></span> <span class='ocrx_word' id='word_1_120' title='bbox 590 1679 654 1751; x_wconf 90' lang='lat' dir='ltr'><strong>ipso</strong></span> <span class='ocrx_word' id='word_1_121' title='bbox 671 1677 841 1748; x_wconf 85' lang='lat' dir='ltr'><strong>Emuuuele‚</strong></span> <span class='ocrx_word' id='word_1_122' title='bbox 863 1693 948 1750; x_wconf 91' lang='lat' dir='ltr'><strong>quem</strong></span> <span class='ocrx_word' id='word_1_123' title='bbox 969 1677 1124 1750; x_wconf 85' lang='lat' dir='ltr'><strong>eliquaudo</strong></span> <span class='ocrx_word' id='word_1_124' title='bbox 1138 1679 1310 1751; x_wconf 81' lang='lat' dir='ltr'><strong>Argeutiuae</strong></span> <span class='ocrx_word' id='word_1_125' title='bbox 1329 1695 1373 1738; x_wconf 87' lang='lat' dir='ltr'><strong>uo·</strong></span> 
     </span>
     <span class='ocr_line' id='line_1_14' title="bbox 225 1782 1372 1858; baseline 0.001 -16"><span class='ocrx_word' id='word_1_126' title='bbox 225 1789 340 1856; x_wconf 85' lang='lat' dir='ltr'><strong>verunt,</strong></span> <span class='ocrx_word' id='word_1_127' title='bbox 358 1783 419 1855; x_wconf 83' lang='lat' dir='ltr'><strong>jem</strong></span> <span class='ocrx_word' id='word_1_128' title='bbox 440 1782 591 1855; x_wconf 78' lang='lat' dir='ltr'><strong>dederuut,</strong></span> <span class='ocrx_word' id='word_1_129' title='bbox 614 1783 644 1841; x_wconf 92' lang='lat' dir='ltr'><strong>in</strong></span> <span class='ocrx_word' id='word_1_130' title='bbox 665 1799 775 1842; x_wconf 83' lang='lat' dir='ltr'><strong>summu</strong></span> <span class='ocrx_word' id='word_1_131' title='bbox 795 1799 879 1841; x_wconf 84' lang='lat' dir='ltr'><strong>nemo</strong></span> <span class='ocrx_word' id='word_1_132' title='bbox 901 1788 947 1840; x_wconf 87' lang='lat' dir='ltr'><strong>est</strong></span> <span class='ocrx_word' id='word_1_133' title='bbox 965 1782 1067 1840; x_wconf 92' lang='lat' dir='ltr'><strong>horum</strong></span> <span class='ocrx_word' id='word_1_134' title='bbox 1087 1782 1229 1856; x_wconf 87' lang='lat' dir='ltr'><strong>omnium,</strong></span> <span class='ocrx_word' id='word_1_135' title='bbox 1251 1785 1302 1858; x_wconf 87' lang='lat' dir='ltr'><strong>qui</strong></span> <span class='ocrx_word' id='word_1_136' title='bbox 1321 1801 1372 1843; x_wconf 86' lang='lat' dir='ltr'><strong>noo</strong></span> 
     </span>
     <span class='ocr_line' id='line_1_15' title="bbox 225 1883 1373 1962; baseline -0.002 -14"><span class='ocrx_word' id='word_1_137' title='bbox 225 1888 358 1948; x_wconf 79' lang='lat' dir='ltr'><strong>videatur</strong></span> <span class='ocrx_word' id='word_1_138' title='bbox 379 1904 486 1962; x_wconf 78' lang='lat' dir='ltr'><strong>cupere</strong></span> <span class='ocrx_word' id='word_1_139' title='bbox 508 1886 697 1946; x_wconf 78' lang='lat' dir='ltr'><strong>eruditiorem</strong></span> <span class='ocrx_word' id='word_1_140' title='bbox 717 1886 809 1944; x_wconf 86' lang='lat' dir='ltr'><strong>virum</strong></span> <span class='ocrx_word' id='word_1_141' title='bbox 830 1884 872 1958; x_wconf 84' lang='lat' dir='ltr'><strong>(in</strong></span> <span class='ocrx_word' id='word_1_142' title='bbox 894 1883 1021 1944; x_wconf 85' lang='lat' dir='ltr'><strong>Hehraee</strong></span> <span class='ocrx_word' id='word_1_143' title='bbox 1048 1884 1164 1958; x_wconf 83' lang='lat' dir='ltr'><strong>inquom</strong></span> <span class='ocrx_word' id='word_1_144' title='bbox 1192 1885 1306 1962; x_wconf 77' lang='lat' dir='ltr'><strong>lingue)</strong></span> <span class='ocrx_word' id='word_1_145' title='bbox 1330 1887 1373 1960; x_wconf 84' lang='lat' dir='ltr'><strong>qui</strong></span> 
     </span>
     <span class='ocr_line' id='line_1_16' title="bbox 226 1989 1373 2066; baseline -0.001 -15"><span class='ocrx_word' id='word_1_146' title='bbox 226 1993 273 2052; x_wconf 86' lang='lat' dir='ltr'><strong>hie</strong></span> <span class='ocrx_word' id='word_1_147' title='bbox 291 1990 486 2066; x_wconf 82' lang='lat' dir='ltr'><strong>profiteretur,</strong></span> <span class='ocrx_word' id='word_1_148' title='bbox 508 2007 593 2064; x_wconf 86' lang='lat' dir='ltr'><strong>quam</strong></span> <span class='ocrx_word' id='word_1_149' title='bbox 613 1991 638 2050; x_wconf 86' lang='lat' dir='ltr'><strong>is</strong></span> <span class='ocrx_word' id='word_1_150' title='bbox 658 1990 704 2062; x_wconf 88' lang='lat' dir='ltr'><strong>sit,</strong></span> <span class='ocrx_word' id='word_1_151' title='bbox 726 1991 775 2064; x_wconf 87' lang='lat' dir='ltr'><strong>qui</strong></span> <span class='ocrx_word' id='word_1_152' title='bbox 796 2007 872 2048; x_wconf 85' lang='lat' dir='ltr'><strong>nuuc</strong></span> <span class='ocrx_word' id='word_1_153' title='bbox 892 1989 1061 2064; x_wconf 84' lang='lat' dir='ltr'><strong>profitetur,</strong></span> <span class='ocrx_word' id='word_1_154' title='bbox 1083 1989 1242 2059; x_wconf 76' lang='lat' dir='ltr'><strong>strident,</strong></span> <span class='ocrx_word' id='word_1_155' title='bbox 1263 1989 1327 2050; x_wconf 83' lang='lat' dir='ltr'><strong>iore</strong></span> <span class='ocrx_word' id='word_1_156' title='bbox 1345 1997 1373 2050; x_wconf 94' lang='lat' dir='ltr'><strong>ut</strong></span> 
     </span>
     <span class='ocr_line' id='line_1_17' title="bbox 227 2094 1372 2172; baseline -0.003 -15"><span class='ocrx_word' id='word_1_157' title='bbox 227 2099 323 2170; x_wconf 91' lang='lat' dir='ltr'><strong>multi,</strong></span> <span class='ocrx_word' id='word_1_158' title='bbox 345 2097 395 2172; x_wconf 89' lang='lat' dir='ltr'><strong>qui</strong></span> <span class='ocrx_word' id='word_1_159' title='bbox 416 2097 543 2170; x_wconf 79' lang='lat' dir='ltr'><strong>alioquin</strong></span> <span class='ocrx_word' id='word_1_160' title='bbox 564 2096 731 2170; x_wconf 79' lang='lat' dir='ltr'><strong>negligunt,</strong></span> <span class='ocrx_word' id='word_1_161' title='bbox 759 2097 923 2154; x_wconf 79' lang='lat' dir='ltr'><strong>excitentur</strong></span> <span class='ocrx_word' id='word_1_162' title='bbox 943 2095 980 2154; x_wconf 81' lang='lat' dir='ltr'><strong>ed</strong></span> <span class='ocrx_word' id='word_1_163' title='bbox 1000 2094 1127 2154; x_wconf 91' lang='lat' dir='ltr'><strong>studium</strong></span> <span class='ocrx_word' id='word_1_164' title='bbox 1147 2095 1234 2163; x_wconf 88' lang='lat' dir='ltr'><strong>illud,</strong></span> <span class='ocrx_word' id='word_1_165' title='bbox 1261 2097 1286 2154; x_wconf 87' lang='lat' dir='ltr'><strong>si</strong></span> <span class='ocrx_word' id='word_1_166' title='bbox 1306 2112 1372 2170; x_wconf 70' lang='lat' dir='ltr'><strong>pre</strong></span> 
     </span>
     <span class='ocr_line' id='line_1_18' title="bbox 225 2201 1371 2276; baseline -0.003 -14"><span class='ocrx_word' id='word_1_167' title='bbox 225 2209 372 2276; x_wconf 85' lang='lat' dir='ltr'><strong>ceptorem</strong></span> <span class='ocrx_word' id='word_1_168' title='bbox 391 2202 484 2262; x_wconf 86' lang='lat' dir='ltr'><strong>solide</strong></span> <span class='ocrx_word' id='word_1_169' title='bbox 505 2201 621 2262; x_wconf 85' lang='lat' dir='ltr'><strong>doctum</strong></span> <span class='ocrx_word' id='word_1_170' title='bbox 642 2201 770 2260; x_wconf 81' lang='lat' dir='ltr'><strong>habituri</strong></span> <span class='ocrx_word' id='word_1_171' title='bbox 791 2202 857 2274; x_wconf 84' lang='lat' dir='ltr'><strong>siut,</strong></span> <span class='ocrx_word' id='word_1_172' title='bbox 878 2207 1072 2275; x_wconf 73' lang='lat' dir='ltr'><strong>preterquam</strong></span> <span class='ocrx_word' id='word_1_173' title='bbox 1092 2201 1169 2274; x_wconf 91' lang='lat' dir='ltr'><strong>quud</strong></span> <span class='ocrx_word' id='word_1_174' title='bbox 1190 2201 1281 2260; x_wconf 85' lang='lat' dir='ltr'><strong>etiem</strong></span> <span class='ocrx_word' id='word_1_175' title='bbox 1302 2201 1371 2262; x_wconf 82' lang='lat' dir='ltr'><strong>docti</strong></span> 
     </span>
     <span class='ocr_line' id='line_1_19' title="bbox 225 2305 1372 2390; baseline 0.001 -26"><span class='ocrx_word' id='word_1_176' title='bbox 225 2307 281 2380; x_wconf 88' lang='lat' dir='ltr'><strong>ipsi</strong></span> <span class='ocrx_word' id='word_1_177' title='bbox 301 2305 431 2388; x_wconf 78' lang='lat' dir='ltr'><strong>theologi</strong></span> <span class='ocrx_word' id='word_1_178' title='bbox 452 2322 528 2378; x_wconf 79' lang='lat' dir='ltr'><strong>saepe</strong></span> <span class='ocrx_word' id='word_1_179' title='bbox 547 2311 685 2378; x_wconf 90' lang='lat' dir='ltr'><strong>poterunt</strong></span> <span class='ocrx_word' id='word_1_180' title='bbox 704 2305 783 2363; x_wconf 91' lang='lat' dir='ltr'><strong>illius</strong></span> <span class='ocrx_word' id='word_1_181' title='bbox 804 2321 894 2380; x_wconf 82' lang='lat' dir='ltr'><strong>opere</strong></span> <span class='ocrx_word' id='word_1_182' title='bbox 913 2305 964 2364; x_wconf 91' lang='lat' dir='ltr'><strong>uti.</strong></span> <span class='ocrx_word' id='word_1_183' title='bbox 1005 2305 1064 2363; x_wconf 89' lang='lat' dir='ltr'><strong>Sed</strong></span> <span class='ocrx_word' id='word_1_184' title='bbox 1083 2306 1181 2378; x_wconf 81' lang='lat' dir='ltr'><strong>aiunt,</strong></span> <span class='ocrx_word' id='word_1_185' title='bbox 1202 2306 1372 2390; x_wconf 22' lang='lat' dir='ltr'><strong>sexaudisse</strong></span> 
     </span>
     <span class='ocr_line' id='line_1_20' title="bbox 223 2410 1372 2486; baseline 0.001 -18"><span class='ocrx_word' id='word_1_186' title='bbox 223 2411 449 2470; x_wconf 87' lang='lat' dir='ltr'><strong>illustrissimum</strong></span> <span class='ocrx_word' id='word_1_187' title='bbox 470 2410 616 2470; x_wconf 90' lang='lat' dir='ltr'><strong>domiuum</strong></span> <span class='ocrx_word' id='word_1_188' title='bbox 637 2410 738 2470; x_wconf 83' lang='lat' dir='ltr'><strong>ducem</strong></span> <span class='ocrx_word' id='word_1_189' title='bbox 760 2410 876 2470; x_wconf 84' lang='lat' dir='ltr'><strong>dedisse</strong></span> <span class='ocrx_word' id='word_1_190' title='bbox 896 2411 990 2470; x_wconf 87' lang='lat' dir='ltr'><strong>locum</strong></span> <span class='ocrx_word' id='word_1_191' title='bbox 1010 2411 1089 2468; x_wconf 91' lang='lat' dir='ltr'><strong>illum</strong></span> <span class='ocrx_word' id='word_1_192' title='bbox 1112 2411 1147 2483; x_wconf 88' lang='lat' dir='ltr'><strong>ei,</strong></span> <span class='ocrx_word' id='word_1_193' title='bbox 1169 2411 1219 2486; x_wconf 92' lang='lat' dir='ltr'><strong>qui</strong></span> <span class='ocrx_word' id='word_1_194' title='bbox 1240 2429 1316 2470; x_wconf 89' lang='lat' dir='ltr'><strong>uuue</strong></span> <span class='ocrx_word' id='word_1_195' title='bbox 1330 2411 1372 2470; x_wconf 93' lang='lat' dir='ltr'><strong>ob-</strong></span> 
     </span>
    </p>
   </div>
   <div class='ocr_carea' id='block_1_5' title="bbox 224 2495 1438 2600">
    <p class='ocr_par' dir='ltr' id='par_1_5' title="bbox 224 2495 1438 2600">
     <span class='ocr_line' id='line_1_21' title="bbox 224 2495 1438 2600; baseline -0.002 -24"><span class='ocrx_word' id='word_1_196' title='bbox 224 2519 307 2600; x_wconf 87' lang='lat' dir='ltr'><strong>tinet,</strong></span> <span class='ocrx_word' id='word_1_197' title='bbox 328 2515 364 2576; x_wconf 85' lang='lat' dir='ltr'><strong>od</strong></span> <span class='ocrx_word' id='word_1_198' title='bbox 385 2517 483 2588; x_wconf 83' lang='lat' dir='ltr'><strong>vitum,</strong></span> <span class='ocrx_word' id='word_1_199' title='bbox 504 2523 584 2576; x_wconf 84' lang='lat' dir='ltr'><strong>certe</strong></span> <span class='ocrx_word' id='word_1_200' title='bbox 605 2517 647 2576; x_wconf 87' lang='lat' dir='ltr'><strong>itu</strong></span> <span class='ocrx_word' id='word_1_201' title='bbox 668 2517 773 2576; x_wconf 84' lang='lat' dir='ltr'><strong>seholae</strong></span> <span class='ocrx_word' id='word_1_202' title='bbox 793 2533 963 2590; x_wconf 78' lang='lat' dir='ltr'><strong>persuasum</strong></span> <span class='ocrx_word' id='word_1_203' title='bbox 984 2522 1038 2587; x_wconf 82' lang='lat' dir='ltr'><strong>est,</strong></span> <span class='ocrx_word' id='word_1_204' title='bbox 1060 2515 1187 2590; x_wconf 82' lang='lat' dir='ltr'><strong>alioquin</strong></span> <span class='ocrx_word' id='word_1_205' title='bbox 1210 2515 1261 2593; x_wconf 91' lang='lat' dir='ltr'><strong>(ut</strong></span> <span class='ocrx_word' id='word_1_206' title='bbox 1280 2515 1373 2592; x_wconf 84' lang='lat' dir='ltr'><strong>audio)</strong></span> <span class='ocrx_word' id='word_1_207' title='bbox 1437 2495 1438 2517; x_wconf 49' lang='lat'>¹</span> 
     </span>
    </p>
   </div>
   <div class='ocr_carea' id='block_1_6' title="bbox 223 2620 1371 2904">
    <p class='ocr_par' dir='ltr' id='par_1_6' title="bbox 223 2620 1371 2904">
     <span class='ocr_line' id='line_1_22' title="bbox 223 2620 1371 2695; baseline -0.003 -14"><span class='ocrx_word' id='word_1_208' title='bbox 223 2622 309 2681; x_wconf 87' lang='lat' dir='ltr'><strong>elium</strong></span> <span class='ocrx_word' id='word_1_209' title='bbox 331 2627 503 2695; x_wconf 73' lang='lat' dir='ltr'><strong>quererent.</strong></span> <span class='ocrx_word' id='word_1_210' title='bbox 545 2621 629 2680; x_wconf 81' lang='lat' dir='ltr'><strong>Nune</strong></span> <span class='ocrx_word' id='word_1_211' title='bbox 648 2623 687 2680; x_wconf 91' lang='lat' dir='ltr'><strong>mi</strong></span> <span class='ocrx_word' id='word_1_212' title='bbox 708 2620 820 2684; x_wconf 81' lang='lat' dir='ltr'><strong>Breuti,</strong></span> <span class='ocrx_word' id='word_1_213' title='bbox 841 2621 912 2678; x_wconf 92' lang='lat' dir='ltr'><strong>illud</strong></span> <span class='ocrx_word' id='word_1_214' title='bbox 934 2628 1001 2678; x_wconf 83' lang='lat' dir='ltr'><strong>unte</strong></span> <span class='ocrx_word' id='word_1_215' title='bbox 1023 2622 1119 2679; x_wconf 84' lang='lat' dir='ltr'><strong>omniu</strong></span> <span class='ocrx_word' id='word_1_216' title='bbox 1145 2626 1307 2694; x_wconf 83' lang='lat' dir='ltr'><strong>protestor,</strong></span> <span class='ocrx_word' id='word_1_217' title='bbox 1333 2636 1371 2678; x_wconf 87' lang='lat' dir='ltr'><strong>me</strong></span> 
     </span>
     <span class='ocr_line' id='line_1_23' title="bbox 225 2725 1370 2800; baseline -0.003 -14"><span class='ocrx_word' id='word_1_218' title='bbox 225 2743 323 2786; x_wconf 83' lang='lat' dir='ltr'><strong>eruere</strong></span> <span class='ocrx_word' id='word_1_219' title='bbox 343 2726 449 2786; x_wconf 89' lang='lat' dir='ltr'><strong>bonum</strong></span> <span class='ocrx_word' id='word_1_220' title='bbox 470 2727 546 2786; x_wconf 90' lang='lat' dir='ltr'><strong>huue</strong></span> <span class='ocrx_word' id='word_1_221' title='bbox 566 2730 677 2798; x_wconf 88' lang='lat' dir='ltr'><strong>virum,</strong></span> <span class='ocrx_word' id='word_1_222' title='bbox 693 2729 760 2800; x_wconf 89' lang='lat' dir='ltr'><strong>-qui</strong></span> <span class='ocrx_word' id='word_1_223' title='bbox 787 2743 863 2786; x_wconf 86' lang='lat' dir='ltr'><strong>nuno</strong></span> <span class='ocrx_word' id='word_1_224' title='bbox 886 2727 933 2784; x_wconf 89' lang='lat' dir='ltr'><strong>hie</strong></span> <span class='ocrx_word' id='word_1_225' title='bbox 960 2725 1094 2784; x_wconf 81' lang='lat' dir='ltr'><strong>hebraice</strong></span> <span class='ocrx_word' id='word_1_226' title='bbox 1117 2726 1204 2784; x_wconf 87' lang='lat' dir='ltr'><strong>docet</strong></span> <span class='ocrx_word' id='word_1_227' title='bbox 1224 2731 1256 2784; x_wconf 91' lang='lat' dir='ltr'><strong>et</strong></span> <span class='ocrx_word' id='word_1_228' title='bbox 1275 2733 1370 2798; x_wconf 76' lang='lat' dir='ltr'><strong>putere</strong></span> 
     </span>
     <span class='ocr_line' id='line_1_24' title="bbox 224 2829 1371 2904; baseline -0.004 -14"><span class='ocrx_word' id='word_1_229' title='bbox 224 2832 341 2904; x_wconf 84' lang='lat' dir='ltr'><strong>dignum</strong></span> <span class='ocrx_word' id='word_1_230' title='bbox 363 2833 441 2892; x_wconf 90' lang='lat' dir='ltr'><strong>omui</strong></span> <span class='ocrx_word' id='word_1_231' title='bbox 461 2831 571 2892; x_wconf 89' lang='lat' dir='ltr'><strong>honore</strong></span> <span class='ocrx_word' id='word_1_232' title='bbox 593 2839 624 2892; x_wconf 88' lang='lat' dir='ltr'><strong>et</strong></span> <span class='ocrx_word' id='word_1_233' title='bbox 644 2829 802 2892; x_wconf 83' lang='lat' dir='ltr'><strong>commodo.</strong></span> <span class='ocrx_word' id='word_1_234' title='bbox 833 2831 891 2890; x_wconf 88' lang='lat' dir='ltr'><strong>Sed</strong></span> <span class='ocrx_word' id='word_1_235' title='bbox 906 2831 930 2890; x_wconf 88' lang='lat' dir='ltr'><strong>si</strong></span> <span class='ocrx_word' id='word_1_236' title='bbox 942 2831 984 2890; x_wconf 83' lang='lat' dir='ltr'><strong>ite</strong></span> <span class='ocrx_word' id='word_1_237' title='bbox 1005 2837 1057 2902; x_wconf 84' lang='lat' dir='ltr'><strong>est,</strong></span> <span class='ocrx_word' id='word_1_238' title='bbox 1078 2831 1155 2904; x_wconf 87' lang='lat' dir='ltr'><strong>quod</strong></span> <span class='ocrx_word' id='word_1_239' title='bbox 1169 2831 1371 2892; x_wconf 87' lang='lat' dir='ltr'><strong>illustrissimus</strong></span> 
     </span>
    </p>
   </div>
   <div class='ocr_carea' id='block_1_7' title="bbox 790 2985 807 3019">
    <p class='ocr_par' dir='ltr' id='par_1_7' title="bbox 790 2985 807 3019">
     <span class='ocr_line' id='line_1_25' title="bbox 790 2985 807 3019; baseline 0 0"><span class='ocrx_word' id='word_1_240' title='bbox 790 2985 807 3019; x_wconf 61' lang='lat'><em>2</em></span> 
     </span>
    </p>
   </div>
   <div class='ocr_carea' id='block_1_8' title="bbox 223 3100 1369 3254">
    <p class='ocr_par' dir='ltr' id='par_1_8' title="bbox 223 3100 1369 3254">
     <span class='ocr_line' id='line_1_26' title="bbox 301 3100 1368 3171; baseline -0.001 -14"><span class='ocrx_word' id='word_1_241' title='bbox 301 3104 312 3156; x_wconf 96' lang='lat' dir='ltr'><strong>l</strong></span> <span class='ocrx_word' id='word_1_242' title='bbox 334 3101 439 3157; x_wconf 77' lang='lat' dir='ltr'><strong>Martio</strong></span> <span class='ocrx_word' id='word_1_243' title='bbox 459 3103 560 3156; x_wconf 83' lang='lat' dir='ltr'><strong>Butuer</strong></span> <span class='ocrx_word' id='word_1_244' title='bbox 578 3102 618 3171; x_wconf 83' lang='lat' dir='ltr'><strong>(so</strong></span> <span class='ocrx_word' id='word_1_245' title='bbox 635 3100 761 3156; x_wconf 82' lang='lat' dir='ltr'><strong>&#39;schreibt</strong></span> <span class='ocrx_word' id='word_1_246' title='bbox 781 3101 893 3171; x_wconf 82' lang='lat' dir='ltr'><strong>Reum),</strong></span> <span class='ocrx_word' id='word_1_247' title='bbox 913 3101 975 3171; x_wconf 80' lang='lat' dir='ltr'><strong>geh.</strong></span> <span class='ocrx_word' id='word_1_248' title='bbox 996 3103 1060 3156; x_wconf 88' lang='grc'><strong>1491</strong></span> <span class='ocrx_word' id='word_1_249' title='bbox 1081 3101 1110 3156; x_wconf 90' lang='lat' dir='ltr'><strong>in</strong></span> <span class='ocrx_word' id='word_1_250' title='bbox 1132 3103 1322 3159; x_wconf 76' lang='lat' dir='ltr'><strong>Sehleitstedt</strong></span> <span class='ocrx_word' id='word_1_251' title='bbox 1337 3103 1368 3156; x_wconf 92' lang='lat' dir='ltr'><strong>im</strong></span> 
     </span>
     <span class='ocr_line' id='line_1_27' title="bbox 223 3189 1369 3254; baseline -0.003 -10"><span class='ocrx_word' id='word_1_252' title='bbox 223 3189 316 3254; x_wconf 75' lang='lat' dir='ltr'><strong>hilsod,</strong></span> <span class='ocrx_word' id='word_1_253' title='bbox 334 3191 393 3245; x_wconf 80' lang='lat' dir='ltr'><strong>truh</strong></span> <span class='ocrx_word' id='word_1_254' title='bbox 411 3189 492 3244; x_wconf 84' lang='lat' dir='ltr'><strong>iriihe</strong></span> <span class='ocrx_word' id='word_1_255' title='bbox 512 3189 541 3243; x_wconf 88' lang='lat' dir='ltr'><strong>iu</strong></span> <span class='ocrx_word' id='word_1_256' title='bbox 561 3189 607 3244; x_wconf 87' lang='lat' dir='ltr'><strong>eiu</strong></span> <span class='ocrx_word' id='word_1_257' title='bbox 620 3189 934 3253; x_wconf 80' lang='lat' dir='ltr'><strong>domiuiluenerluloster‚</strong></span> <span class='ocrx_word' id='word_1_258' title='bbox 953 3189 1021 3244; x_wconf 84' lang='lat' dir='ltr'><strong>uber</strong></span> <span class='ocrx_word' id='word_1_259' title='bbox 1033 3189 1121 3243; x_wconf 88' lang='lat' dir='ltr'><strong>dureh</strong></span> <span class='ocrx_word' id='word_1_260' title='bbox 1135 3190 1181 3244; x_wconf 90' lang='lat' dir='ltr'><strong>die</strong></span> <span class='ocrx_word' id='word_1_261' title='bbox 1193 3190 1369 3245; x_wconf 77' lang='lat' dir='ltr'><strong>rosor-motion</strong></span> 
     </span>
    </p>
   </div>
   <div class='ocr_carea' id='block_1_9' title="bbox 224 3271 1435 3436">
    <p class='ocr_par' dir='ltr' id='par_1_9' title="bbox 224 3271 1435 3436">
     <span class='ocr_line' id='line_1_28' title="bbox 225 3271 1435 3348; baseline -0.003 -17"><span class='ocrx_word' id='word_1_262' title='bbox 225 3278 363 3348; x_wconf 81' lang='lat' dir='ltr'><strong>ungeregt</strong></span> <span class='ocrx_word' id='word_1_263' title='bbox 383 3271 520 3332; x_wconf 61' lang='lat' dir='ltr'><strong>lblhuus</strong></span> <span class='ocrx_word' id='word_1_264' title='bbox 545 3277 609 3330; x_wconf 89' lang='lat' dir='ltr'><strong>dem</strong></span> <span class='ocrx_word' id='word_1_265' title='bbox 634 3276 730 3330; x_wconf 82' lang='lat' dir='ltr'><strong>orden.</strong></span> <span class='ocrx_word' id='word_1_266' title='bbox 767 3276 854 3330; x_wconf 80' lang='lat' dir='ltr'><strong>Franz</strong></span> <span class='ocrx_word' id='word_1_267' title='bbox 885 3294 939 3332; x_wconf 88' lang='lat' dir='ltr'><strong>von</strong></span> <span class='ocrx_word' id='word_1_268' title='bbox 959 3276 1110 3347; x_wconf 79' lang='lat' dir='ltr'><strong>Sieluiugeu</strong></span> <span class='ocrx_word' id='word_1_269' title='bbox 1135 3277 1221 3331; x_wconf 79' lang='lat' dir='ltr'><strong>nahm</strong></span> <span class='ocrx_word' id='word_1_270' title='bbox 1246 3277 1307 3332; x_wconf 83' lang='lat' dir='ltr'><strong>sich</strong></span> <span class='ocrx_word' id='word_1_271' title='bbox 1329 3275 1369 3328; x_wconf 86' lang='lat' dir='ltr'><strong>des</strong></span> <span class='ocrx_word' id='word_1_272' title='bbox 1434 3325 1435 3336; x_wconf 66' lang='grc'>,</span> 
     </span>
     <span class='ocr_line' id='line_1_29' title="bbox 224 3337 1435 3436; baseline -0.003 -18"><span class='ocrx_word' id='word_1_273' title='bbox 224 3364 382 3436; x_wconf 76' lang='lat' dir='ltr'><strong>verfolgten</strong></span> <span class='ocrx_word' id='word_1_274' title='bbox 408 3383 462 3428; x_wconf 86' lang='lat' dir='ltr'><strong>un,</strong></span> <span class='ocrx_word' id='word_1_275' title='bbox 491 3365 565 3420; x_wconf 87' lang='lat' dir='ltr'><strong>noeh</strong></span> <span class='ocrx_word' id='word_1_276' title='bbox 593 3367 689 3420; x_wconf 85' lang='lat' dir='ltr'><strong>dessen</strong></span> <span class='ocrx_word' id='word_1_277' title='bbox 715 3365 765 3419; x_wconf 78' lang='lat' dir='ltr'><strong>fall</strong></span> <span class='ocrx_word' id='word_1_278' title='bbox 794 3365 886 3436; x_wconf 80' lang='lat' dir='ltr'><strong>hegeh</strong></span> <span class='ocrx_word' id='word_1_279' title='bbox 911 3382 942 3419; x_wconf 90' lang='lat' dir='ltr'><strong>er</strong></span> <span class='ocrx_word' id='word_1_280' title='bbox 964 3363 1023 3420; x_wconf 90' lang='lat' dir='ltr'><strong>sioh</strong></span> <span class='ocrx_word' id='word_1_281' title='bbox 1050 3363 1123 3418; x_wconf 82' lang='lat' dir='ltr'><strong>nueh</strong></span> <span class='ocrx_word' id='word_1_282' title='bbox 1142 3362 1302 3433; x_wconf 80' lang='lat' dir='ltr'><strong>Strussburg</strong></span> <span class='ocrx_word' id='word_1_283' title='bbox 1319 3361 1369 3418; x_wconf 92' lang='lat' dir='ltr'><strong>uud</strong></span> <span class='ocrx_word' id='word_1_284' title='bbox 1434 3337 1435 3397; x_wconf 73' lang='grc'><strong>1</strong></span> 
     </span>
    </p>
   </div>
   <div class='ocr_carea' id='block_1_10' title="bbox 224 3450 1369 3523">
    <p class='ocr_par' dir='ltr' id='par_1_10' title="bbox 224 3450 1369 3523">
     <span class='ocr_line' id='line_1_30' title="bbox 224 3450 1369 3523; baseline 0 -20"><span class='ocrx_word' id='word_1_285' title='bbox 224 3450 318 3504; x_wconf 79' lang='lat' dir='ltr'><strong>lilhrte</strong></span> <span class='ocrx_word' id='word_1_286' title='bbox 337 3450 401 3504; x_wconf 86' lang='lat' dir='ltr'><strong>dort</strong></span> <span class='ocrx_word' id='word_1_287' title='bbox 419 3450 472 3504; x_wconf 84' lang='lat' dir='ltr'><strong>mit</strong></span> <span class='ocrx_word' id='word_1_288' title='bbox 491 3451 549 3506; x_wconf 90' lang='lat' dir='ltr'><strong>Zell</strong></span> <span class='ocrx_word' id='word_1_289' title='bbox 568 3451 626 3506; x_wconf 88' lang='lat' dir='ltr'><strong>und</strong></span> <span class='ocrx_word' id='word_1_290' title='bbox 638 3451 740 3521; x_wconf 78' lang='lat' dir='ltr'><strong>Cupito</strong></span> <span class='ocrx_word' id='word_1_291' title='bbox 759 3451 805 3506; x_wconf 87' lang='lat' dir='ltr'><strong>die</strong></span> <span class='ocrx_word' id='word_1_292' title='bbox 823 3451 1007 3510; x_wconf 83' lang='lat' dir='ltr'><strong>reformetiou</strong></span> <span class='ocrx_word' id='word_1_293' title='bbox 1026 3450 1127 3515; x_wconf 90' lang='lat' dir='ltr'><strong>duroh;</strong></span> <span class='ocrx_word' id='word_1_294' title='bbox 1147 3451 1194 3505; x_wconf 88' lang='lat' dir='ltr'><strong>die</strong></span> <span class='ocrx_word' id='word_1_295' title='bbox 1214 3451 1310 3523; x_wconf 78' lang='lat' dir='ltr'><strong>fulgen</strong></span> <span class='ocrx_word' id='word_1_296' title='bbox 1328 3451 1369 3504; x_wconf 88' lang='lat' dir='ltr'><strong>des</strong></span> 
     </span>
    </p>
   </div>
   <div class='ocr_carea' id='block_1_11' title="bbox 223 3536 1434 3608">
    <p class='ocr_par' dir='ltr' id='par_1_11' title="bbox 223 3536 1434 3608">
     <span class='ocr_line' id='line_1_31' title="bbox 223 3536 1434 3608; baseline 0.002 -19"><span class='ocrx_word' id='word_1_297' title='bbox 223 3536 498 3592; x_wconf 82' lang='lat' dir='ltr'><strong>sehmelkuldisoheu</strong></span> <span class='ocrx_word' id='word_1_298' title='bbox 518 3539 629 3608; x_wconf 67' lang='lat' dir='ltr'><strong>lrrieaes</strong></span> <span class='ocrx_word' id='word_1_299' title='bbox 650 3538 837 3598; x_wconf 79' lang='lat' dir='ltr'><strong>veruulussteu</strong></span> <span class='ocrx_word' id='word_1_300' title='bbox 865 3539 932 3606; x_wconf 81' lang='lat' dir='ltr'><strong>ihu,</strong></span> <span class='ocrx_word' id='word_1_301' title='bbox 961 3539 1023 3600; x_wconf 83' lang='lat' dir='ltr'><strong>eine</strong></span> <span class='ocrx_word' id='word_1_302' title='bbox 1048 3537 1211 3593; x_wconf 87' lang='lat' dir='ltr'><strong>ehreuvolle</strong></span> <span class='ocrx_word' id='word_1_303' title='bbox 1236 3537 1369 3605; x_wconf 76' lang='lat' dir='ltr'><strong>berufuug</strong></span> <span class='ocrx_word' id='word_1_304' title='bbox 1433 3545 1434 3554; x_wconf 54' lang='lat'>³</span> 
     </span>
    </p>
   </div>
   <div class='ocr_carea' id='block_1_12' title="bbox 223 3623 1368 3784">
    <p class='ocr_par' dir='ltr' id='par_1_12' title="bbox 223 3623 1368 3784">
     <span class='ocr_line' id='line_1_32' title="bbox 224 3623 1368 3695; baseline -0.002 -18"><span class='ocrx_word' id='word_1_305' title='bbox 224 3624 299 3678; x_wconf 85' lang='lat' dir='ltr'><strong>nuoh</strong></span> <span class='ocrx_word' id='word_1_306' title='bbox 317 3623 448 3695; x_wconf 81' lang='lat' dir='ltr'><strong>Euglend</strong></span> <span class='ocrx_word' id='word_1_307' title='bbox 468 3627 678 3689; x_wconf 81' lang='lat' dir='ltr'><strong>anzunehmeu,</strong></span> <span class='ocrx_word' id='word_1_308' title='bbox 697 3631 740 3681; x_wconf 87' lang='lat' dir='ltr'><strong>wo</strong></span> <span class='ocrx_word' id='word_1_309' title='bbox 758 3644 787 3680; x_wconf 86' lang='lat' dir='ltr'><strong>er</strong></span> <span class='ocrx_word' id='word_1_310' title='bbox 806 3627 840 3682; x_wconf 82' lang='lat'><strong>28</strong></span> <span class='ocrx_word' id='word_1_311' title='bbox 858 3627 982 3681; x_wconf 77' lang='lat' dir='ltr'><strong>Febr-uer</strong></span> <span class='ocrx_word' id='word_1_312' title='bbox 1001 3625 1066 3680; x_wconf 85' lang='grc'><strong>1551</strong></span> <span class='ocrx_word' id='word_1_313' title='bbox 1087 3625 1175 3680; x_wconf 82' lang='lat' dir='ltr'><strong>sterh.</strong></span> <span class='ocrx_word' id='word_1_314' title='bbox 1212 3625 1303 3678; x_wconf 84' lang='lat' dir='ltr'><strong>Maria</strong></span> <span class='ocrx_word' id='word_1_315' title='bbox 1321 3623 1368 3677; x_wconf 86' lang='grc' dir='ltr'>Τιι-</span> 
     </span>
     <span class='ocr_line' id='line_1_33' title="bbox 223 3710 1365 3784; baseline -0.003 -20"><span class='ocrx_word' id='word_1_316' title='bbox 223 3711 273 3765; x_wconf 88' lang='lat' dir='ltr'><strong>dor</strong></span> <span class='ocrx_word' id='word_1_317' title='bbox 291 3710 348 3766; x_wconf 79' lang='lat' dir='ltr'><strong>lieil</strong></span> <span class='ocrx_word' id='word_1_318' title='bbox 369 3711 445 3766; x_wconf 86' lang='lat' dir='ltr'><strong>seiue</strong></span> <span class='ocrx_word' id='word_1_319' title='bbox 464 3713 582 3781; x_wconf 82' lang='lat' dir='ltr'><strong>gebeine</strong></span> <span class='ocrx_word' id='word_1_320' title='bbox 601 3713 704 3768; x_wconf 85' lang='lat' dir='ltr'><strong>wieder</strong></span> <span class='ocrx_word' id='word_1_321' title='bbox 727 3715 884 3784; x_wconf 77' lang='lat' dir='ltr'><strong>uusgruben</strong></span> <span class='ocrx_word' id='word_1_322' title='bbox 909 3713 967 3767; x_wconf 90' lang='lat' dir='ltr'><strong>uud</strong></span> <span class='ocrx_word' id='word_1_323' title='bbox 994 3712 1082 3769; x_wconf 84' lang='lat' dir='ltr'><strong>durch</strong></span> <span class='ocrx_word' id='word_1_324' title='bbox 1106 3711 1161 3765; x_wconf 90' lang='lat' dir='ltr'><strong>den</strong></span> <span class='ocrx_word' id='word_1_325' title='bbox 1185 3711 1293 3766; x_wconf 80' lang='lat' dir='ltr'><strong>heuher</strong></span> <span class='ocrx_word' id='word_1_326' title='bbox 1310 3727 1365 3764; x_wconf 86' lang='lat' dir='ltr'><strong>ver-</strong></span> 
     </span>
    </p>
   </div>
   <div class='ocr_carea' id='block_1_13' title="bbox 222 3797 1433 3871">
    <p class='ocr_par' dir='ltr' id='par_1_13' title="bbox 222 3797 1433 3871">
     <span class='ocr_line' id='line_1_34' title="bbox 222 3797 1433 3871; baseline 0 -22"><span class='ocrx_word' id='word_1_327' title='bbox 222 3798 350 3851; x_wconf 88' lang='lat' dir='ltr'><strong>breuuen</strong></span> <span class='ocrx_word' id='word_1_328' title='bbox 369 3799 385 3851; x_wconf 88' lang='lat'>6</span> <span class='ocrx_word' id='word_1_329' title='bbox 404 3797 526 3854; x_wconf 81' lang='lat' dir='ltr'><strong>Februer</strong></span> <span class='ocrx_word' id='word_1_330' title='bbox 547 3801 622 3854; x_wconf 84' lang='lat'>1556.</span> <span class='ocrx_word' id='word_1_331' title='bbox 651 3800 678 3854; x_wconf 83' lang='lat' dir='ltr'><strong>S.</strong></span> <span class='ocrx_word' id='word_1_332' title='bbox 699 3799 794 3864; x_wconf 80' lang='lat' dir='ltr'><strong>Beuum,</strong></span> <span class='ocrx_word' id='word_1_333' title='bbox 816 3801 916 3871; x_wconf 82' lang='lat' dir='ltr'><strong>Capito</strong></span> <span class='ocrx_word' id='word_1_334' title='bbox 933 3819 958 3854; x_wconf 92' lang='lat' dir='ltr'><strong>u.</strong></span> <span class='ocrx_word' id='word_1_335' title='bbox 971 3800 1077 3864; x_wconf 82' lang='lat' dir='ltr'><strong>Butuer,</strong></span> <span class='ocrx_word' id='word_1_336' title='bbox 1098 3797 1272 3869; x_wconf 72' lang='lat' dir='ltr'><strong>Strassburgs</strong></span> <span class='ocrx_word' id='word_1_337' title='bbox 1290 3797 1367 3852; x_wconf 83' lang='lat' dir='ltr'><strong>relor·</strong></span> <span class='ocrx_word' id='word_1_338' title='bbox 1432 3819 1433 3832; x_wconf 58' lang='grc' dir='ltr'>ι</span> 
     </span>
    </p>
   </div>
   <div class='ocr_carea' id='block_1_14' title="bbox 221 3885 1364 4485">
    <p class='ocr_par' dir='ltr' id='par_1_14' title="bbox 222 3885 637 3942">
     <span class='ocr_line' id='line_1_35' title="bbox 222 3885 637 3942; baseline 0.01 -5"><span class='ocrx_word' id='word_1_339' title='bbox 222 3886 359 3940; x_wconf 82' lang='lat' dir='ltr'><strong>nrutoren.</strong></span> <span class='ocrx_word' id='word_1_340' title='bbox 397 3885 541 3942; x_wconf 82' lang='lat' dir='ltr'><strong>Elherield</strong></span> <span class='ocrx_word' id='word_1_341' title='bbox 561 3888 637 3942; x_wconf 86' lang='grc'><strong>1860.</strong></span> 
     </span>
    </p>

    <p class='ocr_par' dir='ltr' id='par_1_15' title="bbox 221 3971 1364 4404">
     <span class='ocr_line' id='line_1_36' title="bbox 293 3971 1364 4046; baseline 0.007 -22"><span class='ocrx_word' id='word_1_342' title='bbox 293 3971 309 4024; x_wconf 85' lang='lat'><strong>2</strong></span> <span class='ocrx_word' id='word_1_343' title='bbox 329 3973 436 4028; x_wconf 82' lang='lat' dir='ltr'><strong>Murtin</strong></span> <span class='ocrx_word' id='word_1_344' title='bbox 456 3974 571 4038; x_wconf 76' lang='lat' dir='ltr'><strong>Freehh‚</strong></span> <span class='ocrx_word' id='word_1_345' title='bbox 596 3976 660 4046; x_wconf 86' lang='lat' dir='ltr'><strong>geh.</strong></span> <span class='ocrx_word' id='word_1_346' title='bbox 679 3976 709 4030; x_wconf 86' lang='lat' dir='ltr'><strong>in</strong></span> <span class='ocrx_word' id='word_1_347' title='bbox 729 3977 811 4042; x_wconf 87' lang='lat' dir='ltr'><strong>Uim,</strong></span> <span class='ocrx_word' id='word_1_348' title='bbox 839 3978 930 4034; x_wconf 82' lang='lat' dir='ltr'><strong>lehrte</strong></span> <span class='ocrx_word' id='word_1_349' title='bbox 949 3978 1012 4032; x_wconf 80' lang='lat' dir='ltr'><strong>dori</strong></span> <span class='ocrx_word' id='word_1_350' title='bbox 1035 3978 1101 4032; x_wconf 80' lang='grc'><strong>1526</strong></span> <span class='ocrx_word' id='word_1_351' title='bbox 1120 3976 1169 4030; x_wconf 84' lang='lat' dir='ltr'><strong>des</strong></span> <span class='ocrx_word' id='word_1_352' title='bbox 1188 3973 1364 4045; x_wconf 75' lang='lat' dir='ltr'><strong>evangelium.</strong></span> 
     </span>
     <span class='ocr_line' id='line_1_37' title="bbox 225 4057 1364 4136; baseline 0.001 -25"><span class='ocrx_word' id='word_1_353' title='bbox 225 4059 320 4112; x_wconf 89' lang='lat' dir='ltr'><strong>wurde</strong></span> <span class='ocrx_word' id='word_1_354' title='bbox 339 4059 407 4114; x_wconf 82' lang='lat' dir='ltr'><strong>eber</strong></span> <span class='ocrx_word' id='word_1_355' title='bbox 425 4078 523 4130; x_wconf 79' lang='lat' dir='ltr'><strong>wegen</strong></span> <span class='ocrx_word' id='word_1_356' title='bbox 544 4061 765 4118; x_wconf 84' lang='lat' dir='ltr'><strong>niehtauuahme</strong></span> <span class='ocrx_word' id='word_1_357' title='bbox 792 4064 840 4118; x_wconf 89' lang='lat' dir='ltr'><strong>des</strong></span> <span class='ocrx_word' id='word_1_358' title='bbox 865 4063 991 4118; x_wconf 81' lang='lat' dir='ltr'><strong>interime</strong></span> <span class='ocrx_word' id='word_1_359' title='bbox 1010 4065 1152 4136; x_wconf 79' lang='lat' dir='ltr'><strong>gefuugen</strong></span> <span class='ocrx_word' id='word_1_360' title='bbox 1171 4063 1227 4117; x_wconf 88' lang='lat' dir='ltr'><strong>und</strong></span> <span class='ocrx_word' id='word_1_361' title='bbox 1248 4061 1313 4117; x_wconf 78' lang='grc'><strong>1518</strong></span> <span class='ocrx_word' id='word_1_362' title='bbox 1328 4057 1364 4111; x_wconf 77' lang='lat' dir='ltr'><strong>his</strong></span> 
     </span>
     <span class='ocr_line' id='line_1_38' title="bbox 226 4145 1361 4222; baseline 0.002 -22"><span class='ocrx_word' id='word_1_363' title='bbox 226 4145 294 4200; x_wconf 85' lang='grc'><strong>1549</strong></span> <span class='ocrx_word' id='word_1_364' title='bbox 315 4145 345 4200; x_wconf 89' lang='lat' dir='ltr'><strong>iu</strong></span> <span class='ocrx_word' id='word_1_365' title='bbox 363 4146 526 4202; x_wconf 85' lang='lat' dir='ltr'><strong>Kirohheim</strong></span> <span class='ocrx_word' id='word_1_366' title='bbox 546 4149 687 4220; x_wconf 81' lang='lat' dir='ltr'><strong>gefengeu</strong></span> <span class='ocrx_word' id='word_1_367' title='bbox 707 4151 856 4218; x_wconf 72' lang='lat' dir='ltr'><strong>gehulten‚</strong></span> <span class='ocrx_word' id='word_1_368' title='bbox 885 4170 938 4206; x_wconf 87' lang='lat' dir='ltr'><strong>von</strong></span> <span class='ocrx_word' id='word_1_369' title='bbox 959 4151 1062 4222; x_wconf 83' lang='lat' dir='ltr'><strong>herzog</strong></span> <span class='ocrx_word' id='word_1_370' title='bbox 1082 4149 1232 4221; x_wconf 81' lang='lat' dir='ltr'><strong>Ohrisloph</strong></span> <span class='ocrx_word' id='word_1_371' title='bbox 1250 4150 1290 4204; x_wconf 86' lang='lat' dir='ltr'><strong>uls</strong></span> <span class='ocrx_word' id='word_1_372' title='bbox 1307 4161 1361 4216; x_wconf 83' lang='lat' dir='ltr'><strong>pto·</strong></span> 
     </span>
     <span class='ocr_line' id='line_1_39' title="bbox 221 4233 1359 4309; baseline 0.003 -23"><span class='ocrx_word' id='word_1_373' title='bbox 221 4233 307 4288; x_wconf 87' lang='lat' dir='ltr'><strong>iessor</strong></span> <span class='ocrx_word' id='word_1_374' title='bbox 327 4234 375 4288; x_wconf 89' lang='lat' dir='ltr'><strong>der</strong></span> <span class='ocrx_word' id='word_1_375' title='bbox 394 4235 538 4307; x_wconf 82' lang='lat' dir='ltr'><strong>theologie</strong></span> <span class='ocrx_word' id='word_1_376' title='bbox 557 4237 632 4291; x_wconf 84' lang='lat' dir='ltr'><strong>ueeh</strong></span> <span class='ocrx_word' id='word_1_377' title='bbox 652 4237 800 4309; x_wconf 83' lang='lat' dir='ltr'><strong>Tiibiugen</strong></span> <span class='ocrx_word' id='word_1_378' title='bbox 825 4239 941 4294; x_wconf 80' lang='lat' dir='ltr'><strong>beroien</strong></span> <span class='ocrx_word' id='word_1_379' title='bbox 960 4239 1017 4293; x_wconf 89' lang='lat' dir='ltr'><strong>uud</strong></span> <span class='ocrx_word' id='word_1_380' title='bbox 1036 4237 1089 4293; x_wconf 77' lang='lat' dir='ltr'><strong>mit</strong></span> <span class='ocrx_word' id='word_1_381' title='bbox 1107 4239 1171 4294; x_wconf 87' lang='lat' dir='ltr'><strong>dem</strong></span> <span class='ocrx_word' id='word_1_382' title='bbox 1190 4237 1304 4308; x_wconf 84' lang='lat' dir='ltr'><strong>ephoret</strong></span> <span class='ocrx_word' id='word_1_383' title='bbox 1319 4234 1359 4285; x_wconf 65' lang='lat' dir='ltr'><strong>dei</strong></span> 
     </span>
     <span class='ocr_line' id='line_1_40' title="bbox 221 4321 1031 4404; baseline 0.012 -32"><span class='ocrx_word' id='word_1_384' title='bbox 221 4321 356 4376; x_wconf 86' lang='lat' dir='ltr'><strong>semiuurs</strong></span> <span class='ocrx_word' id='word_1_385' title='bbox 375 4321 504 4387; x_wconf 83' lang='lat' dir='ltr'><strong>betreui;</strong></span> <span class='ocrx_word' id='word_1_386' title='bbox 524 4340 554 4377; x_wconf 88' lang='lat' dir='ltr'><strong>er</strong></span> <span class='ocrx_word' id='word_1_387' title='bbox 572 4324 650 4380; x_wconf 77' lang='lat' dir='ltr'><strong>slerb</strong></span> <span class='ocrx_word' id='word_1_388' title='bbox 671 4328 704 4380; x_wconf 86' lang='grc'><strong>14</strong></span> <span class='ocrx_word' id='word_1_389' title='bbox 721 4326 884 4404; x_wconf 82' lang='lat' dir='ltr'><strong>September</strong></span> <span class='ocrx_word' id='word_1_390' title='bbox 904 4329 980 4382; x_wconf 88' lang='lat'>1556.</span> <span class='ocrx_word' id='word_1_391' title='bbox 1029 4353 1031 4356; x_wconf 95' lang='lat'>·</span> 
     </span>
    </p>

    <p class='ocr_par' dir='ltr' id='par_1_16' title="bbox 298 4408 1265 4485">
     <span class='ocr_line' id='line_1_41' title="bbox 298 4408 1265 4485; baseline 0.003 -22"><span class='ocrx_word' id='word_1_392' title='bbox 298 4409 315 4463; x_wconf 89' lang='grc'>3</span> <span class='ocrx_word' id='word_1_393' title='bbox 333 4408 360 4461; x_wconf 86' lang='lat' dir='ltr'><strong>S.</strong></span> <span class='ocrx_word' id='word_1_394' title='bbox 380 4425 407 4462; x_wconf 90' lang='lat' dir='ltr'><strong>u.</strong></span> <span class='ocrx_word' id='word_1_395' title='bbox 427 4411 467 4464; x_wconf 86' lang='grc'><strong>96.</strong></span> <span class='ocrx_word' id='word_1_396' title='bbox 497 4409 544 4464; x_wconf 89' lang='lat' dir='ltr'><strong>Dr.</strong></span> <span class='ocrx_word' id='word_1_397' title='bbox 563 4411 659 4466; x_wconf 82' lang='lat' dir='ltr'><strong>Kiliuu</strong></span> <span class='ocrx_word' id='word_1_398' title='bbox 679 4411 785 4483; x_wconf 84' lang='lat' dir='ltr'><strong>Vogler</strong></span> <span class='ocrx_word' id='word_1_399' title='bbox 803 4433 861 4471; x_wconf 80' lang='lat' dir='ltr'><strong>wer</strong></span> <span class='ocrx_word' id='word_1_400' title='bbox 879 4414 1017 4485; x_wconf 82' lang='lat' dir='ltr'><strong>professor</strong></span> <span class='ocrx_word' id='word_1_401' title='bbox 1031 4415 1102 4484; x_wconf 88' lang='lat' dir='ltr'><strong>juris</strong></span> <span class='ocrx_word' id='word_1_402' title='bbox 1120 4415 1174 4470; x_wconf 84' lang='lat' dir='ltr'><strong>seit</strong></span> <span class='ocrx_word' id='word_1_403' title='bbox 1195 4415 1265 4468; x_wconf 85' lang='grc'><strong>1552.</strong></span> 
     </span>
    </p>
   </div>
   <div class='ocr_carea' id='block_1_15' title="bbox 0 0 1446 5074">
    <p class='ocr_par' dir='ltr' id='par_1_17' title="bbox 0 0 1446 5074">
     <span class='ocr_line' id='line_1_42' title="bbox 0 0 1446 5074; baseline 0 1"><span class='ocrx_word' id='word_1_404' title='bbox 0 0 1446 5074; x_wconf 95' lang='lat' dir='ltr'><strong> </strong></span> 
     </span>
    </p>
   </div>
  </div>
 </body>
</html>
