2852 5076
41 400 104 452 1556
575 407 634 468 131

41 581 68 631 et
89 575 201 645 virtute,
225 573 337 646 excepit
357 589 402 630 me
423 571 581 632 honorifice
596 581 684 647 atque
700 575 903 644 amantissime,
926 583 957 635 ut
971 575 1042 635 nihil
1057 577 1180 650 amplius

39 677 197 734 desiderare
219 677 332 748 possim,
357 677 436 734 Deus
457 676 499 734 illi
521 678 681 736 retribuat!
715 678 917 737 Libentissime
938 695 971 738 ac
993 697 1069 754 serpe
1090 681 1178 738 inter-

38 789 111 853 rogat
132 797 176 839 me
198 782 235 839 de
257 779 435 839 Celsitudine
448 781 559 850 Vestra,
582 781 617 838 de
639 782 830 842 illustrissima
841 783 947 842 Vestra
967 783 1126 842 conthorali
1147 799 1180 842 ac

40 885 194 956 delibaris,
217 885 252 942 de
269 885 380 943 Vestris
401 885 530 944 eeclesiis
551 901 585 942 ac
606 885 642 942 de
664 891 726 943 toto
748 886 861 958 ducatu,
883 890 990 960 aitque,
1013 903 1043 945 se
1064 887 1180 958 quidem

43 1007 171 1062 nunquam
194 989 301 1048 vidisse
322 988 529 1048 Celsitudinem
551 989 694 1060 Vestram,
717 991 768 1048 sed
789 991 976 1050 uehementer
996 1007 1102 1059 aurare,
1123 1007 1179 1049 non

45 1095 113 1152 modo
132 1100 254 1168 propter
275 1095 463 1152 arctissimam
484 1091 664 1159 affinitatem,
686 1093 736 1152 sed
757 1103 878 1167 propter
899 1095 1035 1152 virtutem
1055 1111 1089 1154 ac
1106 1111 1180 1167 prae·

43 1197 112 1270 cipue
131 1205 253 1272 propter
280 1199 385 1257 ardeus
414 1197 539 1255 studium
569 1183 724 1270 religionis
766 1197 860 1256 Senex
888 1199 1002 1272 quidem
1031 1206 1075 1258 est
1102 1197 1180 1272 prin-

42 1319 104 1375 ceps,
124 1305 249 1363 excessit
272 1305 347 1361 enim
370 1305 578 1374 sexagesimum
601 1309 712 1362 sextum
741 1319 860 1373 annum,
892 1303 942 1360 sed
968 1303 1103 1362 robustus
1129 1303 1179 1361 ad·

41 1407 151 1472 rnodnm,
172 1408 314 1478 imprimis
325 1405 489 1463 laetissimus
511 1423 624 1479 semper
645 1425 678 1464 ao
695 1407 928 1476 jucundissimus.
960 1405 1075 1475 Mirum,
1096 1423 1180 1479 quarn

41 1529 88 1568 non
116 1513 207 1570 solum
238 1528 384 1582 congrue,
415 1511 467 1568 sed
494 1512 571 1568 culte
600 1513 688 1568 iatiue
720 1513 872 1582 loquatur,
905 1527 989 1583 quam
1021 1510 1125 1569 babeat
1151 1511 1181 1568 in

42 1623 162 1686 promptu
184 1615 278 1674 mlta
298 1603 447 1685 scripturae
469 1607 531 1671 loca
559 1615 704 1686 rrrrritaque
736 1615 910 1687 reliquorum
939 1616 1124 1687 scriptorum,
1152 1621 1182 1672 et

43 1737 113 1791 apuam
134 1722 231 1778 valeat
252 1721 398 1778 memoria.
436 1719 501 1777 Nou
523 1719 692 1788 dissimulat,
716 1737 746 1776 se
768 1725 924 1792 propterea
945 1733 1059 1777 vocasse
1080 1735 1125 1778 me
1146 1719 1183 1776 ad
1208 1697 1210 1702 Ι
1233 1725 1237 1734 ’
1262 1727 1265 1732 “

42 1841 81 1891 se,
108 1825 174 1897 quia
195 1823 349 1897 sperabat,
372 1823 433 1881 fore
464 1825 544 1881 utin
569 1825 612 1880 bis
634 1824 762 1881 eeoicsiis
783 1825 860 1896 aliud
881 1840 961 1880 suam
983 1821 1182 1882 celsitudinem

44 1929 175 2002 degerem,
199 1937 231 1988 et
252 1930 345 1988 adhuc
366 1937 478 2004 sperat3
500 1930 646 2002 respondi,
669 1947 713 1986 me
734 1928 842 1987 habere
864 1929 1043 1986 vocationem
1065 1927 1129 1996 Dei,
1150 1934 1182 1986 ut

45 2038 153 2094 serviam
180 2036 298 2093 theatro
328 2033 430 2102 Italiae,
459 2036 557 2105 itaque
588 2051 693 2107 cupere
720 2051 765 2090 mc
786 2035 815 2089 in
841 2033 974 2091 ducatum
997 2031 1182 2090 Celsitudinis

45 2139 144 2199 Vestrae
166 2141 276 2212 redire,
300 2146 331 2197 ut
352 2137 483 2211 profecto
504 2139 617 2209 faciam,
639 2138 661 2195 si
684 2139 824 2195 Dominus
845 2136 982 2208 voluerit,
1011 2152 1108 2193 mense
1129 2135 1182 2194 Oc·

44 2243 106 2301 tobri
123 2250 174 2303 aut
190 2245 364 2314 Novembri3
386 2245 450 2301 istic
473 2243 548 2299 enim
569 2241 662 2313 rideo,
684 2259 729 2299 mc
751 2257 833 2314 posse
855 2241 983 2298 nonnihil
1003 2255 1183 2313 promovere,

46 2351 302 2421 quantuluscunque
324 2349 394 2417 sim,
428 2363 540 2404 causam
563 2345 670 2404 domini
692 2343 747 2403 Dei
769 2345 838 2412 mei,
871 2349 949 2400 certe
977 2343 1066 2401 inuito
1094 2344 1183 2414 magis

47 2470 116 2522 apuam
136 2454 191 2512 hie.

111 2559 259 2632 Quidquid
281 2559 331 2617 alii
351 2567 402 2616 aut
423 2559 590 2630 scripserint
618 2563 668 2615 aut
697 2556 869 2624 retulerint,
900 2555 994 2612 adhuc
1021 2571 1107 2613 causa
1133 2553 1184 2612 illa

47 2667 206 2731 permolesta
227 2664 415 2722 Osiandriea¹
448 2681 503 2722 non
532 2669 576 2722 est
601 2663 708 2735 sopita,
741 2667 808 2718 sunt
830 2663 909 2718 mirae
930 2658 1102 2718 acerbitates
1123 2659 1184 2716 ani-

601 2787 615 2818 *

49 2880 126 2936 inmte
145 2900 176 2936 er
195 2882 267 2937 doeh
287 2881 331 2935 die
351 2879 534 2935 reibrmation
553 2878 697 2947 gliickiich
716 2878 745 2930 irr
765 2875 871 2930 acinam
884 2873 968 2928 lande
983 2873 1070 2927 durch
1077 2895 1083 2936 ;
1103 2873 1182 2927 theo-

49 2965 157 3037 logisohe
176 2968 388 3038 streitigkeiten
408 2987 444 3023 an
464 2969 512 3022 der
533 2985 585 3020 von
604 2965 662 3020 ihm
680 2965 871 3034 gogriindeien
888 2961 1054 3016 universitiit
1068 2959 1184 3029 Kdnigs·

50 3052 110 3125 berg,
128 3056 279 3110 besonders
294 3055 343 3110 der
360 3054 549 3109 osiandrisehe
568 3053 656 3115 struit,
675 3053 805 3106 machtcn
825 3051 881 3104 ihm
895 3049 967 3102 viele
981 3045 1184 3115 widerwbrtig·

51 3141 144 3209 heiten,
163 3146 220 3199 und
240 3146 290 3198 der
309 3143 433 3208 eiuflnss,
460 3143 513 3196 den
533 3142 582 3196 der
601 3141 733 3208 betriiger
752 3137 905 3192 Scalichius
925 3136 975 3188 auf
990 3135 1039 3187 ihu
1058 3132 1184 3196 ausdbte,

51 3229 133 3285 triibte
151 3231 204 3286 den
227 3231 319 3285 abend
343 3230 430 3285 seinos
456 3229 566 3292 labeum
596 3246 625 3283 er
650 3229 728 3282 starb
753 3229 786 3280 20
806 3225 881 3280 Miira
902 3225 976 3278 1568.
1014 3221 1082 3275 Eine
1106 3221 1183 3274 reihe

52 3333 95 3370 ron
113 3319 218 3374 briefen
237 3318 375 3374 zwischen
399 3319 457 3371 ihm
478 3317 536 3370 und
553 3318 660 3386 Verger
681 3316 732 3368 hat
750 3313 812 3368 Sixt
830 3311 871 3364 aie
891 3309 1003 3376 beringe
1025 3307 1113 3363 seinse
1132 3309 1183 3361 bu·

53 3403 104 3458 thes
121 3425 173 3461 von
193 3426 213 3460 s.
234 3409 283 3462 531
305 3425 340 3459 an
359 3403 574 3460 verbii'enblicht.
605 3403 660 3456 Das
677 3396 956 3466 wiirtt-embergische
975 3395 1183 3464 regenteuhaus

54 3507 99 3544 war
115 3495 165 3548 mit
182 3495 245 3549 dem
265 3491 561 3563 brandenburgisohen
581 3489 723 3544 mehri'nch
739 3485 900 3548 verwandt;
920 3483 1022 3551 herzog
1035 3481 1186 3550 Christoph

54 3574 118 3633 hatte
136 3581 218 3636 Anna
236 3581 400 3636 Marianon
420 3579 564 3641 dasbath,
591 3568 638 3632 die
656 3576 751 3630 niehte
771 3591 825 3628 von
846 3571 980 3625 Alhreeht
999 3567 1184 3637 geheirathet.
1245 3641 1249 3648 ⁵

112 3671 120 3720 i
147 3669 273 3724 Andreas
296 3669 449 3730 Osiander,
474 3667 537 3738 geb.
567 3667 598 3717 19
625 3663 780 3718 December
805 3660 872 3714 1498
901 3658 931 3710 in
959 3655 1185 3718 Grrnzenhausen,

56 3752 192 3813 iOciobet
214 3757 281 3810 1552
309 3757 338 3809 in
357 3755 551 3826 Kb'nigsberg,
578 3752 709 3823 prediger
737 3750 766 3803 in
792 3747 959 3814 Niirnberg‚
989 3742 1102 3812 eifriger
1127 3760 1188 3796 vor·

55 3835 164 3911 ktmpfer
182 3845 232 3898 der
252 3843 447 3906 reformation;
467 3843 516 3896 das
535 3841 650 3895 Interim
671 3837 794 3892 vertrieb
814 3833 862 3887 ihu
882 3849 936 3886 von
957 3830 1028 3892 dori,
1051 3845 1080 3881 er
1099 3827 1188 3898 folgte

57 3925 129 3982 einern
147 3932 194 3984 ruf
209 3933 257 3986 des
277 3932 394 4001 herzogs
413 3929 549 3983 Albi-eoht
568 3928 642 3982 nach
663 3924 854 3993 Konigsbarg3
882 3921 945 3972 dort
970 3920 1110 3985 enbspann
1129 3915 1186 3970 sich

58 4015 123 4069 nnat
140 4017 192 4071 den
210 4018 362 4088 theologen
382 4016 427 4071 ein
447 4015 570 4084 heitiger
589 4013 669 4066 streit
697 4013 764 4070 iiber
789 4009 834 4062 die
860 4001 1188 4072 reohtiertigungslehre,

59 4095 97 4151 der
111 4103 173 4159 iiber
191 4105 341 4159 Osianders
359 4104 408 4158 tod
427 4101 637 4156 hinausrrdhrte
657 4099 713 4153 trud
732 4098 837 4152 seinem
857 4109 958 4147 namen
977 4092 1039 4145 eine
1061 4088 1187 4158 traurige

59 4180 232 4245 herirhmbheit
250 4190 377 4262 gegeben
396 4190 464 4253 hac,
484 4187 542 4242 sein
562 4189 759 4256 hauptgegnor
778 4200 836 4235 war
849 4177 1018 4248 Staphylus,
1039 4175 1189 4230 Osianders

61 4271 268 4348 iuhwiegersohn,
287 4279 428 4333 iohannes
447 4276 536 4340 Funk,
563 4275 612 4330 der
630 4274 671 4328 als
692 4269 871 4342 hofprediger
891 4263 998 4334 graden
1018 4261 1121 4317 einfluss
1141 4262 1192 4316 auf

63 4356 103 4413 den
119 4364 259 4422 alternden
277 4367 381 4437 herzog
399 4367 488 4429 hatte,
507 4365 594 4419 seinte
615 4361 667 4417 den
688 4359 769 4413 streit
788 4357 843 4411 fort
860 4353 918 4407 und
936 4353 1003 4419 brug
1017 4349 1067 4402 ihu
1080 4345 1189 4402 auidas

63 4445 188 4510 politisohe
207 4453 301 4523 gebiet
320 4453 405 4516 iiber,
434 4468 492 4506 was
521 4449 584 4504 eine
609 4445 754 4516 poluische
780 4437 970 4496 intervention
989 4430 1190 4496 herbeifiihrte,

939 4530 978 4584 9*
