2830 5072
575 347 636 408 323

575 623 638 678 145.

334 748 458 834 Verger
481 771 523 814 an
546 750 666 834 herzog
688 748 875 834 Christoph.

382 889 531 960 Tltbingen
554 891 590 946 28
611 889 722 948 lanuar
745 893 828 948 1562.

104 1019 191 1073 Bittel
210 1037 256 1074 um
276 1019 321 1073 die
340 1019 498 1082 erluubnill,
520 1020 591 1074 uach
609 1021 798 1074 Graubttuden
820 1021 909 1076 ruiseu
929 1040 961 1076 zu
984 1022 1090 1076 ditrlen.

104 1115 268 1170 'lheilweise
286 1120 350 1184 (von
364 1116 453 1172 Hodie
472 1117 587 1170 tandem
608 1115 649 1168 bis
669 1117 852 1186 verissimum)
871 1117 956 1170 sehon
976 1118 1115 1188 gedruckt
1134 1118 1178 1171 hol

44 1211 137 1266 Sattler
155 1211 203 1276 IV,
225 1213 283 1266 182.

108 1327 304 1386 lllustrissime
325 1329 465 1402 Princeps
486 1333 515 1387 et
537 1329 658 1386 Domine
680 1329 802 1388 Domine
824 1329 1066 1390 clementissime!

109 1432 217 1504 Accepi
238 1433 342 1490 nudius
365 1435 469 1492 tertius
484 1433 596 1492 Vestrae
613 1433 819 1491 illustrissimae
836 1433 1023 1496 celsitudinis
1044 1435 1178 1494 litteras¹

42 1551 90 1591 una
109 1553 170 1593 curn
194 1537 325 1608 exemplo
346 1553 474 1594 mearum
487 1536 525 1595 ad
538 1537 715 1596 cardinalem
731 1535 875 1596 Ferrariae
889 1537 1052 1596 litterarum
1061 1537 1080 1595 ³.
1108 1539 1178 1598 Cum

42 1654 99 1695 uero
128 1640 398 1708 animadverterim,
427 1659 476 1700 eas
497 1643 609 1700 Vestrae
631 1641 802 1700 celsitudini
824 1658 880 1700 non
902 1641 1070 1716 displicere,
1099 1653 1179 1704 recta

40 1743 63 1798 in
77 1743 182 1802 Gallias
198 1761 251 1816 per
266 1747 401 1818 legatum,
424 1747 472 1819 qui
489 1747 568 1820 dogit
584 1746 745 1818 Solodurt',
767 1747 838 1816 misi,
861 1753 894 1805 ut
913 1747 962 1806 ille
983 1765 1069 1806 manu
1090 1750 1178 1822 sonip-

40 1852 76 1905 tas
95 1847 212 1920 habeat,
233 1856 406 1924 anteaquam
427 1855 614 1922 spargantur3
636 1849 677 1906 sic
697 1849 772 1906 euim
793 1849 861 1908 mihi
883 1850 999 1908 videtur
1020 1850 1150 1910 decere·.

105 1953 203 2012 Hodie
224 1953 342 2012 tandem
368 1953 457 2011 rediit
483 1969 518 2010 ex
538 1953 652 2011 Rlnaetia
678 1953 862 2021 tabellarius,
891 1954 939 2025 qui
966 1954 1177 2028 eleemosynam

39 2053 217 2115 ducentorum
239 2057 436 2116 florenorum⁴
464 2057 533 2114 illuc
560 2057 713 2126 attuleram
742 2075 882 2116 unacum
904 2057 1056 2118 maistres
1083 2067 1176 2132 erant,

39 2177 92 2231 quac
111 2162 148 2220 ad
169 2163 304 2221 Vestram
326 2162 550 2221 illustrissimam
571 2161 777 2220 Celsitudincm
799 2163 946 2234 pertinent
966 2163 1085 2233 litterae,
1106 2182 1177 2237 quus

37 2264 125 2336 mitt03
154 2281 208 2323 eas
229 2267 318 2324 etiam
337 2267 497 2337 mitterem,
519 2283 582 2340 quae
603 2267 640 2324 acl
661 2282 706 2324 me
727 2267 891 2339 pertinent,
913 2274 945 2325 ut
966 2268 1095 2340 quaedam
1111 2267 1176 2328 Cel·

37 2369 121 2427 situdo
132 2371 241 2428 Vestra
254 2370 441 2445 intelligeret,
464 2370 514 2428 sed
527 2377 594 2428 sunt
608 2371 722 2442 scriptae
742 2370 849 2439 italice,
872 2387 943 2430 uuas
963 2377 1074 2430 tantum
1096 2372 1178 2450 (quia

37 2481 93 2531 sunt
112 2475 212 2532 latinae
234 2473 311 2532 docti
339 2481 369 2532 et
397 2490 501 2546 magna
529 2475 557 2532 in
588 2473 645 2532 illis
676 2475 787 2546 populis
815 2476 988 2534 auctoritate
1016 2477 1140 2550 pastoris
1153 2477 1175 2554 ⁸)

37 2577 117 2649 mitto,
139 2580 190 2652 qui
211 2577 352 2651 affirmat,
383 2580 501 2638 eraetos
526 2579 591 2638 illos
619 2581 759 2652 primores
788 2597 850 2638 esse
872 2580 984 2638 Vestrae
1006 2581 1177 2640 Celsitudini

36 2680 235 2754 additissimos3
257 2683 361 2740 deinde
383 2698 414 2740 se
435 2683 518 2755 sciro,
540 2683 616 2756 quod
638 2700 694 2741 ιιοιι
716 2683 773 2741 sint
793 2683 873 2741 illum
894 2701 1008 2755 passum
1028 2701 1080 2743 seu
1094 2693 1176 2744 tran-

36 2784 112 2842 situm
131 2805 186 2860 per
201 2787 292 2860 Alpes
312 2788 358 2844 vel
373 2786 461 2858 Papae
481 2787 527 2844 vel
551 2787 680 2846 hostibus
693 2787 1174 2850 illustrissimanumOelsitudiuum

38 2889 196 2948 Vestianum
217 2891 389 2962 concessuri,
410 2893 486 2964 quod
508 2908 611 2950 novum
632 2909 677 2950 me
699 2891 782 2950 valdo
804 2893 931 2950 delectat
953 2901 983 2950 et
1002 2911 1087 2966 spero
1109 2912 1173 2954 csso

37 2994 225 3066 verissimum,
255 2995 369 3054 interea
400 2995 467 3053 dum
493 2995 600 3068 aliquid
626 2994 677 3052 fiat
706 2995 741 3052 ab
763 3011 832 3068 rege
854 2997 1018 3068 tlallorum3
1052 3015 1109 3056 nou
1130 3005 1175 3057 cst

36 3098 112 3156 etiam
134 3099 379 3170 contemnendus,
401 3101 448 3171 qui
469 3097 581 3156 litteras
603 3098 732 3168 scripsit,
755 3097 993 3170 quemadmodum
1014 3115 1110 3158 coram
1130 3100 1173 3158 di·

35 3216 99 3274 cam;
121 3210 237 3262 amatur
258 3205 334 3262 enirn
355 3203 413 3262 illic
435 3202 527 3259 valde.

103 3308 301 3366 illustrissime
314 3308 458 3381 Princeps,
479 3307 503 3364 si
519 3305 607 3365 luerit
627 3323 697 3380 opus
710 3307 739 3362 in
755 3307 879 3365 Galliam
893 3306 1042 3380 proficisci,
1065 3309 1173 3366 nullum

592 3439 607 3472 *

99 3517 110 3566 l
133 3515 159 3568 S.
181 3533 209 3568 n.
230 3517 289 3569 114.

96 3601 157 3655 28.
176 3621 204 3656 n.
226 3603 285 3656 128.

98 3690 114 3742 3
133 3689 293 3758 Oognelius,
312 3707 332 3742 s.
353 3707 379 3742 n.
400 3689 458 3742 122.

97 3778 114 3828 4
132 3777 158 3830 S.
179 3795 206 3830 n.
227 3778 276 3830 137
291 3777 317 3830 ff.
348 3777 400 3830 Ein
419 3776 588 3831 brunchstiiclr
608 3777 657 3831 des
677 3776 1039 3848 danksagungssohreibens
1058 3794 1078 3830 s.
1097 3776 1174 3831 aaut·

34 3858 70 3913 ler
87 3861 138 3926 IV,
168 3864 237 3927 182,
265 3863 310 3918 ein
335 3865 461 3932 spiiteres
487 3879 540 3917 von
560 3864 631 3917 Paul
650 3865 756 3918 lindius
779 3865 816 3931 (d.
837 3866 869 3918 10
888 3863 1022 3932 Februur)
1049 3863 1086 3917 ib.
1106 3863 1173 3918 beil.

34 3962 51 3999 s.
69 3949 126 4003 229,
162 3951 273 4020 Meyer,
301 3951 474 4022 geschichte
488 3951 537 4005 der
561 3943 781 4020 evangelischeh
809 3951 955 4021 gemeinde
979 3950 1009 4004 in
1035 3950 1173 4014 bulturno,

33 4031 78 4086 der
96 4035 131 4100 ll,
149 4037 200 4090 242
219 4037 246 4091 ff.
266 4039 337 4092 auch
357 4056 411 4093 von
431 4039 521 4094 dieser
540 4040 760 4110 angelegenheit
779 4039 865 4103 redet,
886 4040 923 4093 ist
942 4037 1025 4093 dabei
1045 4037 1172 4092 ziemlich

34 4124 182 4190 tungerecht
200 4142 292 4194 gegen
312 4123 421 4195 Verge'r
440 4128 497 4181 und
515 4127 618 4197 herzog
638 4127 795 4197 christoph.

101 4213 117 4263 5
134 4212 187 4266 Der
205 4212 312 4267 zweilel
331 4214 379 4267 des
398 4213 543 4285 prodigere
556 4215 701 4270 Fabricius
719 4233 774 4270 von
787 4214 871 4275 (lhur,
890 4214 926 4268 oh
946 4213 991 4266 die
1010 4212 1097 4266 briefe
1116 4212 1172 4266 alle

35 4293 93 4348 dem
113 4297 211 4370 herzog
230 4299 391 4371 tibergeben
412 4303 524 4356 worden
543 4303 619 4357 seien
638 4303 684 4373 (de
703 4304 788 4358 Porta
806 4301 840 4365 ll,
863 4301 939 4368 172),
962 4299 999 4354 ist
1017 4299 1088 4353 nach
1108 4298 1169 4352 dem

35 4383 196 4446 gestandam
217 4403 270 4442 von
289 4387 396 4458 Verger
414 4388 499 4444 selbst
518 4406 589 4458 ganz
608 4388 834 4461 gerochtfertigt.

905 4482 961 4537 21*
