2830 5072
771 342 832 406 306
1300 344 1354 399 leet
1405 291 1406 300 ἵ

225 519 286 572 tnm
306 517 392 570 antea
412 511 581 584 aliquoties,
612 512 689 586 qnod
716 513 809 572 nolint
829 531 847 572 a
867 515 993 575 decretis
1013 517 1195 576 comitiorum
1216 517 1355 578 discedere

225 618 265 676 'At
285 615 352 674 boni
372 615 477 674 Veneti
497 622 626 683 censent,
648 633 704 674 non
727 633 790 676 esse
812 619 946 678 standum
968 621 1147 680 comitiorum
1170 623 1299 694 decretis,
1317 626 1356 681 sed

209 722 312 793 =Papa
333 720 456 780 libidini.

302 828 407 886 Vestra
426 826 621 886 Illustrissima
643 825 808 899 Celsitudo‚
839 847 903 888 cnm
930 831 1024 904 longae
1044 833 1108 890 sint
1134 839 1252 901 noctes,
1279 850 1355 905 neque

224 933 320 992 adsint
340 934 405 992 istic
424 937 468 990 tot
489 931 620 1002 negotiu,
642 937 712 1003 quot
733 929 918 1003 stargardiae,
940 933 1105 1003 dignabitur
1126 951 1237 1005 means,
1261 935 1295 994 de
1314 951 1357 1007 qna

224 1037 284 1096 dixi
306 1035 455 1108 epistolam
475 1033 677 1104 considerare,
709 1041 741 1092 nt
762 1051 825 1094 cnm
847 1035 983 1107 redierit,
1013 1040 1103 1110 possit
1122 1038 1192 1096 milri
1214 1041 1307 1098 statim
1324 1041 1356 1097 di·

224 1159 290 1201 oere
318 1157 398 1200 suam
424 1142 606 1198 senteutiam.
649 1140 731 1198 Illam
759 1142 834 1198 enim
857 1148 886 1199 et
906 1159 963 1200 non
984 1145 1069 1202 aliam
1090 1161 1213 1216 sequar,
1246 1145 1357 1218 proderit

225 1248 326 1305 eadem
355 1245 478 1319 epistola
505 1245 593 1303 etiam
614 1245 717 1304 Galliae
744 1253 831 1319 atque
859 1248 922 1306 aliis
948 1251 1045 1320 regnis
1075 1249 1112 1324 (si
1132 1250 1214 1308 Dens
1237 1251 1355 1322 voluerit)

224 1351 355 1410 fortassis
383 1349 439 1410 erit
465 1351 493 1408 in
516 1349 660 1423 aliquibus
682 1351 752 1409 locis
773 1351 968 1423 emendanda,
998 1353 1050 1412 sed
1078 1360 1139 1412 tote
1166 1355 1239 1412 mihi
1260 1353 1356 1427 qnidam

225 1473 281 1514 non
302 1453 418 1512 videtur
438 1451 626 1526 projicienda.

303 1559 479 1631 Scripseram
500 1557 536 1615 de
557 1557 655 1630 legato
671 1558 767 1630 Papae,
790 1561 838 1632 qni
859 1566 937 1617 esset
957 1559 987 1618 in
1003 1560 1136 1620 Rbaetia¹
1157 1560 1231 1636 (hoc
1246 1564 1357 1620 estalte·

224 1681 287 1723 num
301 1664 466 1750 pegotinm)
488 1670 519 1721 et
540 1669 659 1734 urgeret
678 1663 756 1721 inter
775 1664 846 1734 alia,
868 1670 901 1721 nt
921 1664 961 1722 illi
984 1681 1097 1738 quoquo
1119 1665 1230 1724 domini
1250 1669 1357 1739 legatum

224 1770 261 1829 ad
283 1769 433 1828 concilium
455 1767 612 1826 mitterent.
653 1768 723 1827 Vult
744 1771 819 1827 enim
840 1769 920 1841 Papa
940 1769 1038 1840 plnres
1065 1769 1189 1840 habere,
1224 1773 1271 1845 qni
1293 1771 1357 1828 illurn

224 1876 310 1934 armis
328 1876 431 1946 jurent
452 1874 480 1930 in
502 1871 673 1945 exequendo
688 1873 817 1942 concilio,
840 1881 905 1944 post
918 1873 990 1933 alias
1010 1875 1106 1947 accepi
1128 1876 1254 1945 litteras,
1273 1875 1358 1948 quibas

223 1977 419 2054 significatur,
450 1977 527 2049 qnod
554 1977 601 2036 die
623 1978 742 2035 Martini
768 1978 897 2050 proxima
924 1977 1022 2037 lutura
1050 1981 1108 2036 sint
1129 1979 1227 2038 Curiae
1253 1981 1357 2048 comitia,

223 2085 272 2144 nbi
299 2099 467 2156 responsum
494 2082 617 2140 dabitur.
658 2081 758 2140 Solent
779 2098 843 2140 esse
870 2084 1054 2155 septuaginta
1081 2083 1159 2158 (plus
1186 2083 1293 2158 minus)
1320 2081 1357 2156 qni

223 2191 318 2248 solent
337 2189 393 2246 ista
414 2203 553 2260 responsa
573 2189 753 2246 corrolnnarc.
795 2187 911 2245 Norunt
937 2203 1036 2246 omues
1060 2189 1167 2247 italice.
1210 2189 1305 2248 Meum
1323 2194 1357 2244 est

222 2294 383 2365 consilium,
404 2292 482 2366 qnod
503 2299 671 2352 reverenter
693 2292 766 2358 dico,
789 2293 865 2365 quod
880 2292 985 2350 Vestra
999 2293 1197 2352 Illustrisslma
1215 2292 1356 2356 Celsitndn,

224 2398 438 2469 crebrissima,
461 2404 493 2454 nt
513 2395 614 2467 vicina,
636 2403 667 2454 nt
689 2413 731 2467 ea,
753 2413 817 2468 qnae
837 2395 967 2468 protecto
988 2405 1102 2455 amatur
1122 2397 1158 2455 ab
1180 2397 1239 2456 illis
1259 2395 1356 2470 populis

222 2504 311 2579 (qnod
323 2520 438 2577 possum
459 2500 612 2571 affirmare,
635 2519 697 2559 cnm
720 2501 778 2558 illic
800 2500 927 2574 degerim
950 2519 1002 2574 per
1023 2501 1178 2573 biennium,
1202 2509 1232 2560 et
1248 2504 1356 2572 scio,mc

222 2609 330 2668 habere
351 2608 455 2666 multos
475 2609 589 2676 amicos,
611 2607 827 2678 praedicaverim
848 2623 933 2680 spero
955 2623 1018 2665 cum
1038 2609 1136 2679 aliquo
1157 2606 1267 2677 lrnctnl
1294 2604 1356 2678 quod

222 2713 328 2772 Vestra
347 2713 562 2783 Illustrissima,
590 2714 720 2784 inquam,
743 2711 893 2769 tlelsitudo
914 2711 1036 2770 deberet
1057 2712 1220 2785 qnempiam
1251 2727 1285 2768 ex
1310 2712 1356 2768 suis

213 2834 258 2876 -eo
279 2817 411 2888 mittere,
433 2817 482 2890 qni
503 2817 669 2875 hortaretur
690 2817 726 2873 ad
748 2818 946 2888 constantiam,
967 2833 1060 2890 neque
1081 2815 1272 2876 flecterentur
1290 2829 1357 2886 prar-

222 2922 286 2982 ticis
306 2922 402 2994 Papae.
444 2923 515 2980 Dico
537 2921 612 2979 enim
639 2922 781 2995 ingenuo,
813 2938 857 2980 mc
878 2931 1008 2979 mctnerc
1029 2939 1047 2978 a
1067 2923 1262 2992 corruptione.
1302 2918 1353 2976 Hoc

222 3041 267 3082 me
288 3029 380 3082 terret
401 3029 431 3080 et
452 3040 508 3080 non
529 3023 616 3082 aliud.
659 3023 731 3081 Novi
752 3026 876 3096 ingenia.
915 3024 988 3082 Novi
1020 3041 1083 3082 esse
1103 3041 1246 3098 pauperes
1267 3030 1296 3081 et
1313 3039 1355 3080 an·

221 3127 384 3187 tichristum
405 3128 522 3186 divitem
543 3135 630 3200 atque
651 3136 793 3200 astutum,
823 3131 888 3187 nori
909 3131 993 3200 item,
1024 3130 1100 3201 quod
1122 3130 1204 3186 rnnlti
1225 3133 1290 3188 snnt
1309 3127 1356 3184 illic

222 3233 316 3291 adhuc
336 3234 470 3304 papistra,
494 3233 658 3306 etquidem
681 3250 716 3290 ex
738 3233 910 3304 primoribus
932 3233 1009 3308 (mco
1030 3241 1125 3292 nutem
1145 3234 1280 3306 judicio);
1301 3249 1355 3291 con·

222 3336 412 3396 firrnabnntnr
432 3336 499 3394 boni
521 3336 624 3408 Rhaeti,
647 3339 670 3394 sl
691 3339 825 3411 viderint,
847 3357 877 3397 se
899 3356 915 3396 n
936 3339 987 3397 tali
1009 3347 1038 3396 ct
1058 3347 1139 3398 tanto
1160 3340 1287 3413 principe
1306 3336 1355 3395 ani·
1402 3401 1403 3420 3

222 3442 304 3500 mori.
345 3441 535 3512 Permagnam
564 3449 640 3501 esset
668 3443 891 3511 incommodum,
923 3446 946 3501 si
971 3443 1085 3502 Rbaetia
1111 3442 1311 3516 prolaberetur
1333 3441 1356 3496 in

220 3552 367 3619 papatum.
409 3545 462 3604 Est
484 3548 559 3603 enim
580 3547 673 3604 vicina
694 3554 724 3604 et
745 3563 797 3620 per
817 3547 958 3606 Rhoetiam
988 3549 1079 3605 multo
1108 3551 1193 3606 citius
1219 3553 1313 3621 potest
1331 3545 1353 3600 iu

222 3649 403 3708 Germaniam
426 3651 569 3710 exercitus
592 3653 674 3710 educi
695 3669 730 3710 ex
753 3654 852 3720 ltalia,
883 3671 967 3726 qnam
988 3671 1041 3726 per
1060 3653 1119 3710 alia
1139 3653 1218 3721 loca,
1248 3658 1355 3722 praeter-

222 3771 306 3828 qnam
327 3754 404 3828 quod
426 3772 461 3812 cx
482 3755 545 3828 ipsa
558 3757 671 3815 Rbaetia
685 3757 861 3830 colliguntur
874 3759 985 3816 robusti
1005 3747 1092 3830 atque
1114 3757 1235 3816 anirnosi
1253 3753 1354 3812 milites.
1401 3735 1402 3750 ³

222 3858 314 3927 Absit,
336 3865 368 3917 ut
389 3859 590 3918 relaberentur
611 3863 647 3919 ad
671 3863 814 3920 vorrritnm.
836 3895 838 3900 ·
856 3864 914 3920 Sed
942 3863 1050 3936 aliquid
1075 3863 1301 3935 argendnm'cst,
1326 3872 1355 3914 ne

221 3981 323 4022 resera
354 3964 533 4023 relabantur.
586 3967 680 4038 Quare
712 3966 816 4024 Vestra
846 3967 1043 4024 lllnstriseima
1073 3966 1221 4024 Oelsitndo
1248 3965 1353 4035 cogitet

220 4068 289 4141 quid
310 4069 463 4140 agendum.
506 4070 569 4127 Non
591 4071 696 4129 desunt
718 4072 759 4128 illi
782 4074 939 4130 assultores
959 4072 1118 4143 prudentes
1139 4071 1206 4143 viru,
1232 4069 1278 4142 qni
1296 4083 1352 4140 pos·
1400 4149 1401 4158 ἵ

220 4172 277 4230 sint
298 4174 353 4232 lroc
373 4171 497 4233 officinm
518 4185 671 4266 praestare,
699 4175 751 4234 sed
771 4183 867 4236 tamen
889 4192 943 4249 ego
971 4173 1192 4252 (qualiscunque
1217 4173 1277 4248 sim)
1304 4186 1351 4228 non

786 4299 800 4334 a

291 4391 303 4442 l
324 4389 349 4442 S.
369 4407 394 4443 n.
416 4391 474 4444 115.
