2830 5078
1321 386 1365 440 1511

241 563 271 618 11
292 575 384 631 nuper
414 557 591 618 celebratam
622 557 710 616 luisse
742 575 853 617 coenam
873 557 989 618 Domini
1017 559 1047 617 in
1076 559 1160 618 domo
1187 561 1215 618 d.
1242 561 1367 618 castellani

239 665 419 724 Voinioensis
449 681 567 738 prorsus
598 665 756 724 secundum
785 680 867 722 usum
899 670 928 722 et
956 665 1156 722 caeremoniam
1187 663 1312 723 ecclesia
1338 665 1367 721 li·

149 791 151 795 ’
239 771 359 842 gurinae.

318 875 431 934 Deinde
452 873 521 932 milri
543 873 672 932 scribunt
693 872 804 946 aliquid
824 873 900 945 boni,
922 889 1024 945 nempe
1039 875 1254 932 serenissimum
1266 873 1368 932 Polonia

238 996 338 1052 regem
364 981 536 1038 concessisse
565 978 594 1034 in
623 979 740 1035 civitate
761 978 892 1036 Viinensi
920 979 949 1035 in
970 979 1107 1036 Lituania
1128 981 1279 1037 ecclesiam
1299 979 1368 1036 sancii

238 1083 359 1153 Nicolai,
381 1083 410 1141 in
432 1099 488 1155 qua
506 1077 597 1142 nostri
612 1081 717 1140 iratres
732 1083 842 1154 possint
858 1082 964 1140 habere
981 1083 1223 1142 concionatorem.
1244 1085 1368 1142 Postremo

240 1188 365 1260 addunt,
395 1189 458 1260 ejus
478 1189 659 1260 majestatem
683 1202 745 1244 esse
772 1201 848 1244 nunc
877 1192 1043 1259 occupatam
1069 1187 1098 1244 in
1129 1186 1302 1246 stabilienda
1320 1204 1370 1259 pace

238 1311 301 1352 oum
321 1291 498 1374 Moscovita‚
531 1307 616 1364 quam
636 1291 661 1348 si
680 1289 796 1347 firmare
817 1290 956 1362 potuerit,
978 1297 1129 1348 venturam
1149 1291 1314 1350 cracoviam
1334 1292 1369 1348 oir-

237 1397 311 1456 citer
330 1395 436 1456 festum
455 1397 659 1468 Pentecostes3
687 1393 817 1453 loturum
839 1395 915 1452 enim
936 1411 971 1453 eo
993 1401 1123 1467 tompore
1145 1402 1328 1468 conventum,
1351 1397 1369 1452 in

240 1517 296 1575 quo
324 1501 360 1559 de
392 1501 533 1573 reiigione
565 1505 676 1572 agatur.
724 1499 848 1572 Reliqua
882 1515 976 1556 coram
1006 1500 1097 1557 dicam
1126 1501 1247 1558 Vestrae
1268 1500 1369 1558 Celsiu-

148 1640 150 1645 ·
238 1605 298 1663 dini
319 1621 352 1664 ac
381 1603 454 1663 dabo
483 1621 615 1676 operam,
647 1611 679 1662 ut
710 1595 849 1687 quantum
880 1611 998 1676 potero,
1032 1603 1115 1662 citius
1143 1611 1297 1662 revertam.
1334 1603 1369 1662 Cui
1409 1679 1410 1682 Ἴ

237 1693 283 1768 me
313 1715 484 1769 reverenter
518 1708 685 1768 commendo
720 1714 807 1781 atque
836 1724 886 1766 oro
914 1716 1055 1766 aeternum
1083 1708 1218 1778 Patrem,
1245 1709 1368 1767 dominun
1410 1699 1412 1718 ⁴

237 1821 375 1886 nostrum,
396 1821 429 1872 ut
445 1813 537 1872 cidem
551 1819 638 1886 atque
660 1813 791 1870 omnibus
812 1817 918 1882 augeat
938 1812 1070 1885 spiritum
1091 1817 1222 1870 sanctum
1244 1819 1275 1870 et
1293 1813 1369 1871 fidon.
1411 1811 1412 1850 l

316 1919 435 1977 Viennae
456 1919 581 1976 Austriae
604 1917 651 1974 die
672 1916 773 1974 XXIX
794 1917 881 1973 Febr.
906 1917 990 1972 1558.
1411 1943 1412 2004 i

394 2023 505 2080 Vestrae
525 2020 731 2080 illustrissimae
749 2020 946 2078 Uelsitudinis-
962 2019 1233 2078 observantissimus
1411 2021 1412 2028 ’

1143 2125 1307 2198 Vergerius.
1411 2139 1412 2164 ¹

792 2400 838 2454 61.

540 2519 667 2604 Verger
690 2541 732 2583 an
753 2519 873 2603 herzog
896 2517 1082 2602 christoph.

601 2647 750 2719 Tibingen
772 2650 810 2704 20
832 2647 914 2720 April
938 2650 1021 2706 1558.

305 2767 412 2838 Verger
429 2768 505 2836 aeigt
522 2767 598 2824 scine
617 2768 756 2823 riickkehr
774 2785 824 2823 aus
843 2767 926 2823 Wien
945 2787 989 2823 11.

312 2866 506 2924 illustrissime
528 2867 666 2938 Princeps
689 2870 719 2925 ct
739 2866 862 2924 Domine
883 2867 1005 2925 Domine
1027 2866 1271 2926 Clementissime!

311 2972 439 3030 Tandem
460 2972 621 3045 Tubingam
642 2971 726 3029 beri¹
745 2971 859 3044 vesperi
880 2973 971 3042 redii,
1003 2972 1066 3030 Deo
1093 2973 1218 3044 gratia,
1250 2971 1298 3028 sed
1323 2984 1369 3024 non

234 3075 296 3135 sine
316 3079 428 3150 magnis
447 3077 594 3134 laboribus
616 3082 646 3134 11
667 3075 811 3134 nonnullis
833 3075 1064 3150 difficultatibus,
1096 3093 1160 3134 narn
1185 3075 1216 3132 in
1237 3075 1283 3133 via
1308 3071 1369 3141 coepi

235 3186 387 3252 aegrotare.
424 3181 494 3252 Quae
516 3181 667 3252 aegritudo,
690 3197 753 3238 cnm
774 3197 818 3237 mc
839 3181 964 3238 noudum
986 3181 1156 3247 deseruerit,
1178 3177 1254 3251 iacit,
1276 3184 1368 3236 utnon

234 3290 314 3343 recta
335 3290 364 3344 et
385 3287 481 3343 statim
502 3287 646 3357 potuerim
667 3286 705 3343 ad
725 3285 950 3343 illustrissimam
966 3285 1173 3342 Oelsitudinem
1183 3286 1313 3343 Vestram
1330 3297 1369 3338 ac-

233 3391 346 3448 cedere.
389 3389 540 3462 SuppIim,
569 3397 602 3448 ut
630 3390 767 3462 dignetur
793 3407 845 3462 pro
871 3391 933 3462 ejus
960 3390 1113 3448 clementia
1133 3389 1203 3448 boni
1224 3389 1368 3448 consulere.

232 3493 335 3552 Statim
357 3497 432 3552 enim
452 3495 501 3552 ubi
521 3497 608 3568 panio
630 3497 731 3553 meiius
753 3495 890 3566 habuero,
912 3497 1083 3568 comparebo
1104 3497 1207 3568 plenus
1224 3491 1369 3552 rerunrbo-

231 3618 332 3660 narum
353 3597 397 3674 (nt
418 3597 525 3672 spero).
565 3599 682 3658 Interea
709 3617 753 3656 me
777 3600 981 3658 illustrissimae
1003 3600 1141 3672 Dignitaii
1164 3601 1274 3656 Vestrae
1297 3611 1367 3654 1111·

231 3713 330 3763 renter
351 3682 527 3760 commendo.
570 3703 648 3762 Deus
669 3706 793 3777 optimus
819 3706 958 3763 maximus
984 3721 1046 3763 eam
1075 3704 1183 3762 diutius
1211 3709 1367 3761 11111111·

230 3811 325 3869 ciesiac
346 3808 397 3866 filii
419 3809 472 3866 sui.

308 3913 446 3985 Tubingae
468 3913 515 3970 dic
537 3913 595 3972 XX
617 3915 724 3986 Aprilis
745 3914 911 3972 MDLVIII.

386 4017 498 4076 Vestrae
519 4019 722 4076 illustrissimae
744 4019 928 4079 Celsitudinis
955 4017 1223 4078 observantissimus

1134 4125 1292 4196 Vergerius.

793 4210 809 4243 Ι

298 4269 312 4322 1
333 4268 384 4323 Die
403 4269 544 4324 riiclrkehr
563 4269 643 4325 hatte
663 4271 723 4325 sich
741 4274 901 4342 verzdgert,
927 4271 963 4327 da
983 4272 1089 4341 Verger
1113 4271 1187 4328 nach
1206 4270 1278 4325 einer
1293 4259 1363 4318 notia

227 4355 257 4409 in
282 4356 373 4412 einem
394 4357 469 4412 briei
487 4358 589 4430 herzog
612 4358 775 4428 christophe
798 4378 834 4414 an
856 4358 1031 4414 Maximiiian
1054 4359 1098 4413 »in
1126 4360 1179 4416 den
1207 4349 1362 4413 windischen

225 4443 359 4500 laudern«
381 4461 512 4514 genesen
531 4463 595 4512 war,
614 4463 634 4500 s.
654 4445 758 4500 Lebret
776 4445 822 4512 IX,
843 4446 901 4501 117.
937 4446 963 4501 S.
983 4447 1025 4502 br.
1045 4447 1087 4501 66.
