2884 5074
752 363 815 423 448

209 529 295 590 iacile
316 528 481 598 subeunda,
511 546 575 602 qum
597 529 626 586 in
648 529 702 587 boc
722 530 820 590 seculo
841 531 962 590 adverse
983 530 1090 589 homini
1112 531 1271 594 christiano
1292 535 1354 592 aoei-
1431 565 1432 620 r

208 635 278 694 dore
299 639 428 708 possunt,
451 649 548 692 secum
568 635 667 708 itaquo
688 636 797 708 optimc
818 634 935 707 factum,
957 641 1079 694 eertum.

288 741 432 812 Quantum
452 744 550 798 autem
571 739 607 797 ad
628 756 674 798 me
699 739 821 812 attinet,
853 741 920 800 novi
950 757 986 798 ex
1007 739 1062 798 Dei
1090 741 1234 801 beneficio
1264 743 1356 818 (anuos

205 847 265 919 jam
285 849 353 903 ente
374 845 515 927 aliquot),
527 852 636 917 quantu
656 846 796 919 bonitate,
817 848 936 918 pietate,
959 847 1117 910 christiana
1129 849 1254 906 caritate
1269 847 1354 918 siugu-
1431 867 1432 904 t

208 951 321 1024 torique
342 949 496 1008 clementia
516 950 711 1010 illustrissima
732 951 882 1011 Celsitudo
904 952 1009 1011 Vestra
1030 953 1079 1024 sit,
1102 957 1132 1012 et
1153 953 1220 1010 novi
1241 969 1300 1010 non
1317 969 1355 1010 so·
1431 947 1432 950 ’

208 1056 268 1114 lum
288 1055 318 1112 in
339 1055 482 1113 viventem
503 1060 648 1128 patruum,
670 1056 721 1116 scd
742 1058 773 1115 in
794 1061 937 1116 mortuum
959 1074 1082 1132 quoquc,
1104 1063 1134 1116 et
1148 1074 1207 1116 non
1220 1059 1252 1114 in
1272 1058 1355 1130 ipsum
1431 1047 1432 1126 i

208 1164 330 1231 tantum,
351 1159 403 1218 sed
423 1159 453 1218 in
474 1158 699 1218 innumerabiles
720 1159 835 1232 multos,
857 1159 979 1218 mammo
994 1177 1065 1218 vero
1079 1159 1110 1217 in
1124 1177 1170 1218 me
1185 1157 1355 1234 fratremque

209 1282 303 1326 meum
329 1271 359 1325 et
383 1263 520 1324 familiam
548 1272 675 1324 nostram
703 1267 880 1335 nniversam,
913 1273 946 1326 ut
972 1267 1045 1325 nihil
1071 1265 1194 1338 amplius
1222 1263 1352 1336 dubitem,

210 1371 279 1444 quin
305 1368 443 1428 divinitus
470 1368 506 1427 de
527 1367 732 1428 Potentissima
760 1375 790 1426 ct
811 1369 1040 1428 clementissimo
1058 1369 1237 1428 celsitudine
1260 1370 1355 1430 Vestra
1431 1347 1432 1426 l

210 1480 394 1547 prospectum
415 1475 453 1532 sit
473 1473 564 1532 nobis.

286 1577 420 1638 Vicissim
442 1595 510 1638 vero
531 1579 779 1651 persuasissimum
801 1580 855 1637 sibi
877 1580 983 1638 habeat
1004 1580 1153 1639 celsitudo
1167 1581 1275 1640 Vestra
1294 1581 1354 1639 Illu·

208 1682 356 1754 strissimu,
378 1683 463 1756 quod,
484 1684 508 1741 si
530 1699 587 1742 non
609 1685 672 1756 ejus
693 1682 842 1756 doctrinae,
863 1683 1024 1756 prudentia
1046 1689 1076 1742 et
1091 1701 1209 1742 summae
1225 1685 1354 1744 illinsre·

207 1805 271 1848 rum
292 1790 489 1862 experientiae,
510 1792 593 1864 eujus
613 1797 734 1862 patruus
756 1794 855 1848 noster
875 1787 1156 1863 magnus'praeditus
1169 1789 1236 1860 fuit,
1258 1807 1353 1861 sumus,

207 1891 275 1952 fidei
295 1899 406 1966 tomen,
435 1893 594 1968 diligentiae
622 1899 652 1952 et
678 1898 827 1965 perpetua
856 1893 885 1949 in
907 1891 1116 1952 celsitudinem
1137 1892 1273 1953 Vestram
1293 1893 1354 1952 lllu-
1431 1891 1432 1894 ’

206 1998 375 2056 strissimam
396 1997 587 2057 observantiae
607 1996 731 2056 heredes
752 1999 858 2056 erimus
887 1997 1062 2070 singulares,
1093 1997 1123 2054 in
1151 1997 1257 2071 quibus
1284 1999 1354 2056 illius

136 2101 140 2108 '
206 2103 373 2162 memoriam
396 2105 483 2162 utiam
505 2101 541 2178 (si
563 2101 625 2160 fieri
647 2103 768 2177 poterit)
789 2119 927 2174 superare
949 2102 1124 2162 conabimur.
1154 2103 1278 2163 Interim
1298 2122 1354 2177 gra-

206 2209 261 2267 tias
282 2207 394 2282 agimus
410 2207 586 2268 immortales
603 2213 633 2266 et
644 2208 836 2281 sempiternas
850 2207 1056 2268 illustrissime>
1066 2208 1241 2268 celsitudini
1251 2211 1355 2269 Vestro

205 2331 259 2388 pro
279 2313 411 2373 omuibus
432 2314 620 2387 maximisque
643 2311 790 2374 beneficiis
818 2320 848 2373 et
874 2313 943 2372 olim
963 2320 994 2372 et
1014 2331 1091 2372 nuno
1110 2316 1141 2372 in
1158 2316 1220 2387 janu
1242 2313 1355 2374 deiunc-

205 2425 266 2478 tum
287 2419 314 2478 d.
335 2424 470 2492 patruum
492 2418 570 2476 etin
592 2433 644 2476 nos
665 2417 824 2476 elementer
845 2417 974 2488 collatis,
1006 2435 1059 2490 pro
1087 2417 1192 2492 quibus
1219 2419 1356 2492 rependet

205 2523 358 2596 Dominus3
380 2539 432 2582 nos
452 2539 521 2582 vero
542 2537 589 2592 ea,
612 2537 669 2594 qua
689 2537 813 2594 unquam
834 2523 994 2605 poterimus
1014 2522 1090 2593 grati
1111 2521 1200 2580 animi
1220 2521 1355 2594 siguifica-

205 2625 301 2697 t-ione,
328 2624 549 2699 diligentissime
570 2623 747 2696 curabimus,
778 2642 814 2683 ne
835 2625 863 2682 in
885 2627 1068 2684 immemores
1089 2629 1258 2700 ingratosve
1279 2633 1354 2688 tanta

205 2731 361 2791 contulisse
381 2731 527 2802 intelligat
543 2728 692 2788 Celsitado
707 2730 811 2787 Vestra
828 2729 1033 2802 Illustrissima,
1056 2735 1102 2791 oui
1122 2733 1274 2792 humiliter
1293 2751 1353 2806 sup·

204 2836 359 2910 plicamus,
385 2841 418 2894 ut
441 2853 493 2924 nos
513 2835 597 2895 sicuti
617 2837 664 2908 pio
686 2837 790 2908 clepit,
820 2837 898 2896 inter
918 2853 986 2896 suos
1006 2839 1165 2896 clementer
1185 2853 1351 2898 conservare

205 2941 284 3001 velit.
317 2941 556 3001 Commendamus
577 2957 628 2998 nos
643 2947 813 2998 reverenter
826 2939 1033 2999 Illustrissimae
1049 2939 1222 3000 Oolsitudiui
1236 2942 1350 3000 Vastrae¹

204 3047 293 3106 Pater
313 3045 441 3105 coelcstis
462 3051 568 3120 augeat
588 3043 629 3102 illi
651 3061 717 3103 suos
738 3043 849 3102 divinos
870 3045 1038 3112 thesauros,
1066 3045 1200 3118 spiritum
1222 3052 1252 3104 et
1271 3045 1350 3104 fidem

204 3167 257 3224 per
278 3149 432 3212 christum¹
446 3151 592 3208 dominum
614 3155 751 3208 nostrum.

284 3257 421 3330 Tubingae
443 3255 512 3314 XVI
533 3255 666 3315 Octobris
690 3257 773 3312 1565.

364 3361 571 3420 illustrissima
592 3359 780 3420 celsitudinis
802 3359 914 3420 Vestrae
935 3359 1050 3417 humilis
1070 3360 1197 3420 servitor

908 3466 1044 3524 Aurelius
1064 3465 1101 3523 de
1121 3466 1280 3540 vergariis,

750 3728 816 3790 233.

391 3853 500 3954 Keller
522 3852 557 3920 in
580 3849 750 3940 'Piibingeu
774 3875 815 3918 an
837 3849 957 3937 herzog
980 3849 1166 3936 christoph.

537 3985 689 4060 Tttblngen
711 3989 728 4045 5
750 3987 913 4048 November
936 3985 1020 4044 1565.

274 4094 349 4163 iiber
368 4107 414 4162 die
432 4103 588 4178 besoldung
607 4105 665 4162 und
685 4105 731 4162 die
750 4105 963 4164 leicheultosteu
983 4104 1113 4176 Vergers.

281 4205 431 4280 Gnediger
450 4205 541 4266 Fttrst
561 4207 622 4265 und
638 4207 731 4266 Hem!

281 4309 431 4368 Nacbderu
450 4299 485 4367 lii.
505 4309 540 4368 F.
562 4309 597 4368 cr.
618 4307 709 4368 durch
731 4308 803 4368 darn
824 4307 964 4368 secrctari
984 4309 1071 4369 borrn
1093 4309 1202 4368 Frantn
1223 4310 1347 4367 Kurtacn

203 4419 257 4473 mir
278 4419 397 4486 gestaru
417 4414 524 4487 guedig
544 4413 686 4473 bevclben
708 4414 812 4484 lucsco,
835 4414 869 4474 Ε.
886 4413 921 4474 11.
936 4413 971 4474 G.
984 4413 1227 4488 unverzogeuliob
1248 4430 1283 4471 zu
1303 4411 1347 4469 be·
