2852 5076
74 399 133 451 1555
603 401 661 464 117

69 573 156 632 comiti
177 589 270 642 coram
292 576 355 634 ileo
377 579 406 634 et
427 576 531 634 Vestra
553 573 741 634 eelsitudine.
783 573 828 632 Ad
841 589 910 645 rem,
933 573 957 632 is
978 578 1046 633 ente
1067 575 1123 634 XX
1144 576 1206 638 dies

68 678 223 752 inproprie
243 695 368 751 persona
388 679 426 738 erl
446 697 491 738 me
512 697 548 739 ex
562 679 648 738 ltalia
661 680 717 738 lruc
728 679 933 753 Reutblingam
946 679 1106 740 clanculum
1117 683 1205 754 venit,

68 784 126 856 quia
153 789 281 856 optasset
307 789 477 843 reverenter
504 785 657 844 convenire
680 783 887 843 Oelsitudincm
909 784 1040 842 Vestram
1068 803 1204 861 suamque

68 887 293 960 supplicationem
315 891 437 961 ipsemet
458 887 580 960 offerre,
610 889 661 948 sed
689 905 776 962 quum
803 889 914 962 aliquot
934 889 995 948 dies
1016 897 1204 964 expectasset,

70 999 93 1050 ct
110 993 205 1052 eculeus
227 994 379 1052 celsitudo
395 995 499 1053 Vestra
519 993 649 1054 differret
664 994 788 1052 reditum
812 1011 894 1053 suum
914 1011 950 1054 er
970 1001 1113 1055 conventu
1134 998 1205 1056 alio·

70 1115 118 1155 uum
137 1099 313 1172 principum,
343 1099 459 1158 rediens
480 1102 542 1173 ipse
564 1101 593 1158 in
614 1103 737 1172 patriam
758 1117 802 1160 me
824 1101 945 1174 rogavit,
966 1107 998 1158 ut
1020 1117 1073 1173 ego
1094 1101 1203 1174 suppli·

69 1218 149 1260 carem
168 1221 221 1275 pro
242 1205 303 1261 illo.
337 1204 420 1275 Quod
434 1205 536 1263 lubens
551 1203 634 1276 focio,
656 1207 723 1278 quia
743 1221 800 1263 non
821 1212 864 1264 est
884 1205 958 1263 elius
979 1207 1008 1262 in
1028 1211 1091 1264 tota
1110 1205 1203 1278 italia,

67 1321 136 1378 quem
156 1307 229 1366 tanti
252 1306 366 1377 faciam,
389 1315 418 1366 et
439 1309 484 1367 eui
506 1310 557 1366 sim
574 1311 743 1381 conjunctus
754 1310 863 1380 majore
877 1311 1007 1369 caritate.
1037 1310 1069 1368 ln
1085 1325 1203 1383 summa,

65 1413 106 1469 ille
124 1412 200 1470 videt
221 1429 252 1471 se
275 1427 365 1486 usque
387 1413 460 1471 adeo
482 1413 658 1472 diffamatum
681 1429 743 1472 esse
765 1429 817 1486 pro
838 1412 1021 1486 Lutherano,
1042 1416 1202 1488 presertim

20 1573 24 1582 ,
65 1516 217 1575 inauribus
238 1517 327 1590 Papae
348 1534 382 1576 ac
403 1517 598 1589 Venetorum,
632 1525 663 1576 ut
691 1519 770 1577 nullo
798 1519 883 1577 modo
910 1525 1027 1593 speret,
1057 1535 1088 1578 se
1117 1537 1201 1594 posse

66 1621 175 1680 evadere
197 1624 261 1682 sine
283 1624 409 1681 omnium
431 1623 600 1702 facultatum
621 1629 708 1696 atque
735 1623 809 1682 adeo
830 1625 896 1683 vitae
917 1625 1062 1697 periculo,
1090 1623 1145 1684 nisi
1169 1641 1201 1684 se

66 1727 222 1786 submoveat
243 1745 279 1785 ex
301 1726 394 1786 ltalia.
437 1727 531 1798 Quare
549 1727 610 1798 jem
630 1725 762 1784 vendidit
790 1741 922 1800 maguam
949 1733 1060 1800 partem
1085 1743 1202 1788 suornm

66 1831 191 1891 bonorum
221 1839 251 1891 et
283 1834 399 1890 omuino
421 1830 572 1889 culustituit
592 1831 728 1889 deserere
750 1833 890 1904 patriam,
922 1837 951 1888 et
975 1849 1032 1891 uua
1058 1849 1121 1892 cum
1143 1834 1202 1892 suis

66 1944 160 2011 septem
182 1937 250 1996 tiliis
272 1954 302 1996 se
324 1934 457 1995 corrferrc
478 1935 508 1992 in
530 1951 564 1992 sa
586 1935 657 2006 loca,
678 1935 726 1993 ubi
748 1941 810 1993 tulo
823 1919 913 2009 possit
926 1953 1101 2010 peromnem
1114 1937 1201 1996 vitam

65 2060 133 2101 suum
153 2041 285 2101 confiteri
307 2042 452 2100 dominum
474 2047 603 2098 nostrum
628 2042 727 2100 Jesuur
746 2040 890 2099 Christum
911 2045 940 2099 et
961 2039 1098 2100 familiam
1120 2059 1199 2101 suam

64 2147 86 2203 in
101 2164 165 2206 vera
188 2147 331 2221 religiono
351 2146 511 2205 instituere.
542 2145 689 2219 Praecipue
711 2163 779 2204 vero
802 2151 883 2220 optat
905 2148 1001 2205 venire
1017 2149 1046 2206 iu
1065 2125 1198 2208 ducatum

64 2251 161 2310 Vostrae
197 2251 384 2311 Celsitudinis
413 2256 443 2307 et
473 2252 569 2308 vivere
600 2249 636 2308 de
667 2267 719 2308 suo
750 2250 801 2307 sub
832 2249 931 2310 umbra
962 2257 991 2312 et
1020 2253 1200 2325 protectione

63 2357 162 2416 Vestra.
199 2357 290 2424 Nihil,
311 2357 436 2428 inquam,
458 2357 537 2414 aliud
558 2358 640 2430 petit,
662 2355 717 2414 nisi
738 2371 907 2414 eonsensum
928 2363 959 2414 et
979 2358 1198 2429 protectionem,

63 2479 90 2519 ac
106 2464 257 2534 promittit,
280 2461 322 2536 (et
340 2478 397 2535 ,ego
418 2477 471 2534 pro
493 2478 527 2519 eo
555 2461 734 2520 confidenter
747 2461 896 2537 promitto)
918 2461 993 2535 quod
1004 2463 1124 2535 juvante
1136 2463 1199 2521 Deo

65 2582 109 2623 nour
129 2569 165 2626 sit
185 2565 300 2626 futurus
322 2566 458 2626 dedecori
479 2583 573 2640 neque
594 2567 744 2638 evangelio
765 2565 816 2624 filii
835 2567 890 2625 Dei
912 2583 1005 2640 usque
1029 2567 1199 2628 celsitudini

64 2669 170 2744 lestrae,
191 2671 238 2730 cui
254 2678 423 2731 reverenter
444 2672 583 2744 supplico,
605 2677 637 2730 ut
657 2671 793 2743 dignetur
813 2672 882 2730 mibi
902 2673 1060 2746 gratiosum
1080 2688 1198 2745 respon·

65 2791 114 2832 sum
133 2777 286 2850 superinde
307 2779 442 2852 mittere.¹
462 2777 548 2836 (lente
560 2777 649 2836 Pater
666 2793 746 2834 meus
761 2778 886 2836 coelestis
901 2775 983 2836 valde
1004 2777 1199 2836 consolabitur

65 2883 101 2934 loe
120 2879 147 2934 in
168 2881 220 2938 hoc
240 2895 306 2936 meo
327 2879 421 2947 exilio,
444 2881 467 2938 si
490 2880 589 2939 licebit
609 2879 676 2937 huic
696 2881 803 2952 optimo
824 2878 907 2937 fratri
927 2896 991 2938 meo
1012 2882 1040 2938 in
1061 2879 1197 2939 Vestrum

64 2980 182 3042 lucabum
204 2983 320 3052 venire,
348 2985 397 3043 ubi
427 2989 534 3059 possim
560 2984 617 3044 frui
638 2988 700 3059 ejus
721 2986 769 3058 pia
801 2991 830 3044 et
850 2993 949 3045 sancta
970 2989 1197 3061 conversatione,

64 3088 110 3148 iuuo
128 3093 196 3150 nihil
216 3091 312 3150 carius
340 3087 483 3173 potuisset
511 3091 581 3150 inihi
609 3093 776 3164 contingere
805 3094 834 3149 iu
861 3098 923 3150 tote
948 3091 1008 3150 vita
1036 3109 1114 3166 unee3
1145 3110 1196 3152 oro

65 3199 188 3254 eternum
207 3201 320 3270 patrem
341 3195 448 3254 domini
477 3197 568 3254 nostri
588 3196 659 3255 Jesu
681 3197 801 3268 Christi,
830 3205 862 3254 ut
887 3197 990 3270 spiritu
1011 3215 1062 3258 suo
1083 3205 1198 3258 moveat

66 3299 230 3362 clementiam
251 3309 282 3362 et
301 3305 441 3377 pietatem
456 3304 569 3363 Vestrae
586 3302 784 3375 Celsitudinis,
806 3305 846 3361 ite
867 3309 899 3362 ut
920 3303 988 3362 mibi
1009 3301 1068 3360 brec
1089 3303 1195 3374 suppli·

65 3406 132 3464 canti
150 3410 272 3480 gratiose
294 3415 411 3467 annuat.

233 3577 235 3582 ,
313 3509 428 3569 Vestrae
449 3511 638 3570 celsitudinis
659 3511 928 3571 observantissimus

950 3646 1117 3718 Vergerius.

599 3949 646 4003 37.

119 4159 121 4163 ,
175 4085 300 4174 Herzog
323 4087 497 4172 christoph
521 4111 564 4153 an
587 4089 760 4155 Balbhaser
782 4113 844 4166 von
869 4089 1069 4176 Giiltlingen.

363 4229 524 4302 Bbblingen
546 4231 583 4286 25
605 4229 769 4289 November
793 4231 875 4288 1555.

126 4339 194 4410 Uber
212 4356 266 4410 den
285 4358 383 4426 grafen
402 4374 455 4413 von
476 4356 589 4422 'Phicne
614 4358 658 4413 die
677 4360 693 4412 2
713 4358 892 4428 gefangenen
910 4360 940 4413 in
959 4347 1116 4415 deterrcich
1134 4359 1192 4412 und

69 4443 104 4500 die
121 4453 229 4508 vorrede
248 4473 281 4508 nu
299 4457 362 4510 dem
380 4455 470 4512 buche
489 4473 544 4512 von
562 4456 651 4512 Brenz
670 4473 762 4527 gagen
780 4456 855 4511 Soto.
