2910 5080
770 320 809 382 55
1144 368 1175 400 ,,
1298 317 1353 374 nn

219 488 337 550 dnoenn¹
358 486 547 562 efficiamque,
567 495 600 548 nt
614 487 695 548 breui
709 489 813 550 Vestra
824 489 973 552 Osiritndo
993 492 1083 566 possit
1102 492 1277 566 intelligere,
1296 493 1356 566 quid

219 595 268 654 1115
289 595 406 667 cogitet,
428 599 459 652 et
479 592 504 660 si
524 592 633 666 vidoro,
655 608 720 654 eum
740 609 845 670 nupero
866 596 991 670 nuptias,
1012 595 1124 655 etmihi
1136 596 1178 656 ita
1193 596 1268 672 55115
1287 613 1355 654 mou·

218 699 298 772 dare,
319 698 483 756 streniam
503 713 567 756 oum
587 678 733 770 responso,
755 715 812 758 non
829 698 999 758 detrectabo
1015 698 1154 758 laborem.
1184 699 1264 760 Dens
1283 706 1355 774 pater

219 807 320 862 noster
342 802 468 861 ooelestis
488 805 593 874 augeat
614 799 786 862 Celsitudini
806 802 928 862 Vestrae
956 802 1053 862 diuina
1079 819 1132 862 sua
1152 803 1355 877 (155555515-

219 923 281 966 sum
303 907 447 966 Christum
475 906 501 966 d.
522 911 667 979 nostrum,
698 905 752 968 boo
773 923 844 980 rogo
864 925 902 988 en
920 909 1031 981 animo,
1060 912 1090 968 et
1117 907 1233 979 rogabit
1259 921 1357 966 mecum

219 1011 301 1070 brevi
321 1015 383 1070 tota
410 1027 474 1070 mea
501 1009 631 1070 ecelesia.
673 1009 848 1070 Commendo
877 1026 923 1069 me
950 1016 1127 1070 reverenter.
1169 1010 1264 1070 Guriae
1283 1010 1357 1068 Rhe·

221 1121 317 1175 torum
337 1115 365 1174 X
387 1116 510 1188 Augusti
533 1117 617 1175 1553.
680 1125 682 1130 ’

299 1215 518 1292 (Naobsohriit.)
559 1218 642 1278 Nunc
668 1218 694 1276 d.
722 1218 835 1294 legatus
863 1219 940 1296 rogis
964 1225 1061 1278 monet
1080 1236 1201 1308 mefpor
1220 1236 1301 1278 sunm
1320 1234 1356 1276 se-

221 1323 383 1394 cretarium,
405 1321 513 1394 Papam
532 1321 604 1382 aiios
625 1321 737 1396 legatos
758 1323 934 1394 destinasse,
956 1326 1005 1399 qui
1026 1330 1094 1384 eant
1115 1326 1144 1382 in
1166 1325 1311 1397 Angliam‚
1333 1329 1357 1381 et

220 1425 374 1486 hortentur
397 1426 519 1501 populos
539 1426 576 1484 nd
598 1428 842 1488 conversionem.¹
864 1428 944 1488 Nibii
964 1429 1138 1490 intentatum
1159 1429 1309 1501 relinquit,
1333 1431 1358 1485 at

221 1528 337 1602 frustra,
359 1535 390 1592 nt
411 1522 504 1602 spero,
526 1537 556 1589 et
576 1531 707 1590 destruet
728 1547 792 1590 eum
814 1532 953 1592 Dominus
973 1534 1077 1606 spiritu
1097 1534 1157 1592 oris
1177 1533 1230 1592 sui.
1286 1571 1290 1580 ·

1127 1661 1290 1734 Vergerius.

784 2011 810 2065 5.

493 2216 495 2225 Ι
528 2137 651 2224 Verger
675 2162 716 2206 an
740 2140 858 2225 herzog
882 2139 1073 2224 Chrisboph„

299 2281 466 2340 Obiavenna
489 2285 524 2340 17
542 2279 713 2356 September
735 2280 819 2342 1553.
863 2279 941 2340 (11555
962 2283 1000 2340 28
1021 2279 1192 2355 September
1216 2281 1296 2338 1553.

298 2411 406 2480 Verger
424 2410 579 2477 beriehbeb,
598 2413 660 2466 dass
679 2430 708 2468 er
727 2412 807 2467 nieht-
827 2412 900 2467 5555
919 2412 1035 2468 Ferrato.
1054 2411 1144 2467 reisen
1163 2409 1360 2473 territantes
1430 2415 1431 2420 ’

224 2507 269 2562 die
289 2499 647 2579 heirathsangelegenheib;
670 2507 777 2578 spri'oht
797 2509 850 2563 den
871 2507 1026 2564 enbschluss
1045 2525 1103 2572 555,
1123 2506 1258 2562 bleibend
1276 2503 1359 2558 seinen

225 2603 359 2660 wohnsibz
388 2603 416 2658 in
445 2603 594 2676 Tiibingsn
623 2623 658 2660 55
685 2605 821 2670 nahmen,
854 2622 935 2660 wenn
968 2621 996 2661 es
1028 2605 1076 2661 der
1107 2605 1210 2676 herzog
1239 2607 1358 2679 gestatio.
1430 2601 1431 2630 ⁴

198 2741 199 2745 1
224 2699 401 2768 (saintines,
420 2699 572 2756 siarisober
591 2701 783 2757 biioherdrusk
802 2701 832 2756 in
851 2701 1066 2771 Witrbbemberg
1087 2703 1168 2767 1799,
1180 2721 1209 2756 s.
1232 2705 1278 2767 13,
1295 2701 1360 2756 must

226 2793 321 2867 einige
340 2795 447 2854 Stallen
466 2815 515 2852 555
535 2797 639 2874 diesem
658 2797 745 2852 briefe
764 2799 821 2866 nn.)

302 2919 497 2980 illustrissime
526 2907 559 2980 55
577 2891 825 2978 'excellentissime
844 2920 909 2977 Dux
931 2925 961 2978 55
981 2919 1104 2979 Domine
1123 2921 1245 2980 Domine
1264 2921 1360 2995 gratio·

225 3025 353 3082 sissimo!
1231 3096 1237 3102 x
1292 3019 1296 3022 “

302 3127 390 3187 Mitto
400 3129 550 3188 Aurelium
563 3131 732 3204 Vorganium
742 3137 876 3214 nejmtem
887 3146 990 3203 meum,
1006 3133 1054 3204 qui
1066 3131 1116 3190 has
1126 3133 1241 3191 litteras
1252 3131 1360 3192 0515155-

225 3233 285 3291 dini
298 3211 411 3292 Vestrae
426 3240 489 3306 tuto
503 3234 640 3308 perierat,
663 3252 699 3293 ex
719 3237 820 3308 quibus
833 3238 897 3308 ipsa
910 3235 1002 3309 possit
1013 3236 1098 3308 plane
1110 3235 1283 3310 intelligere,
1303 3232 1360 3308 quid

227 3343 324 3398 notum
344 3336 433 3396 fuerit
455 3356 518 3397 enm
540 3339 613 3399 duoo
632 3338 814 3410 Fe1·1·arise⁹,
846 3346 875 3398 et
896 3339 964 3413 qnid
990 3339 1020 3396 in
1046 3339 1090 3397 his
1110 3337 1214 3398 finibus
1234 3337 1321 3398 Italiae
1335 3337 1361 3392 in

227 3459 314 3501 55555
341 3443 482 3516 euangelii
508 3449 620 3517 agatur.
661 3445 787 3517 Legatus
815 3445 863 3502 ilie
888 3445 975 3518 Papae
989 3443 1011 3515 ⁸,
1041 3445 1077 3502 de
1106 3461 1162 3517 quo
1192 3459 1286 3502 coram
1310 3456 1361 3499 sum

226 3547 357 3618 1555555,
387 3549 467 3606 vonit
488 3548 524 3606 ad
545 3550 689 3622 proximas
711 3549 797 3608 urbes
819 3555 907 3623 atque
927 3551 969 3608 ita
989 3549 1115 3608 custodit
1136 3557 1166 3607 55
1187 3549 1298 3608 obsidet
1315 3560 1361 3631 una

227 3669 291 3709 oum
320 3651 513 3712 cardinalibus
541 3660 571 3712 et
601 3655 756 3728 episeopis,
789 3655 838 3727 qui
867 3655 995 3728 proxime
1016 3653 1157 3725 habitant,
1185 3651 1359 3717 5555555155,

229 3756 332 3830 quibus
352 3758 382 3815 in
402 3757 603 3829 1555551555,
625 3764 657 3817 ut
678 3775 734 3818 non
756 3775 842 3818 ausus
863 3757 967 3818 fuerim
988 3774 1033 3816 me
1053 3745 1359 3834 155551555555515515

229 3865 410 3924 committere
432 3871 462 3923 et
483 3865 647 3924 Ferrariam
667 3868 720 3925 ire.
762 3866 819 3926 Sed
840 3872 974 3939 nepotem
995 3866 1070 3923 huno
1095 3879 1190 3922 menm
1216 3880 1277 3922 onnr
1301 3856 1359 3916 meis

790 3999 804 4031 *
894 4047 899 4056 .

299 4099 509 4155 Idmon

297 4187 448 4243 2555

302 4273 495 4342 3055555155,
515 4293 534 4330 5.
555 4295 582 4330 n.
601 4278 625 4330 4.
