2884 5074
81 325 148 407 nei
626 359 691 422 453

79 527 218 604 princeps
238 525 281 585 illi
303 529 463 588 consultum
485 531 597 604 cupiet,
630 529 719 588 hebet.
743 531 906 590 mansiones
926 529 1047 602 multus,
1078 533 1106 591 in
1128 533 1231 608 quibus

78 649 147 695 cum
168 633 304 702 collocet,
333 639 366 692 nt
386 635 503 694 interim
524 636 605 695 locus
625 640 732 694 sunctae
752 635 858 710 lingue
878 635 1016 695 docende
1035 638 1231 698 exercitatiori

76 744 107 796 et
129 736 284 797 celebriori
305 737 400 798 detur.
441 740 512 798 Rem
534 746 623 800 totum
653 741 769 800 sedisti.
811 741 950 800 Dominus
970 740 1055 800 Jesus
1081 743 1174 816 spiret
1198 744 1229 801 in

74 859 126 903 cor
146 848 237 915 tunm,
258 849 291 902 ut
310 841 399 902 incias
420 845 633 920 beneplacitum
655 848 727 920 ejus.
760 844 791 904 Si
807 843 936 919 videtur,
965 861 1062 920 qnaere
1076 846 1150 917 istic,
1172 863 1228 920 quo

74 949 104 1006 in
125 952 205 1006 stetu
224 963 271 1006 res
291 949 329 1007 sit
350 953 380 1006 et
400 965 456 1023 quo
483 952 577 1008 enimn
605 949 815 1008 illustrissimus
834 949 983 1024 prin'ceps.
1012 956 1091 1010 certe
1112 952 1228 1026 plurimi

75 1068 112 1112 ex
133 1052 282 1112 wodenis
298 1051 468 1125 Argentinoe
488 1053 558 1110 mibi
572 1052 761 1110 Emnnuelem
781 1047 864 1110 illum
876 1052 1072 1127 maximopere
1087 1070 1228 1114 commen-

74 1157 164 1224 dent,
191 1155 354 1230 presertim
382 1155 545 1238 spictstc3
578 1155 636 1213 reri
663 1157 693 1214 in
720 1171 755 1214 ce
782 1155 881 1228 lingue
911 1156 1087 1218 excellentes
1107 1159 1161 1217 viri
1182 1175 1227 1218 re·

73 1262 238 1336 pcrinntur,
260 1265 289 1319 et
311 1261 334 1319 si
356 1259 471 1334 quondo
492 1265 642 1334 apparent,
663 1277 720 1319 nnn
741 1265 809 1320 sunt
829 1261 992 1322 deserendi.

156 1367 192 1427 D.
214 1367 319 1426 Petrus
339 1365 465 1425 Mertir¹
492 1365 598 1426 iterum
620 1365 790 1439 Argentinse
812 1381 909 1426 socrus
930 1367 1044 1427 littores
1063 1367 1227 1444 profitetur.

155 1473 192 1532 D.
213 1470 431 1559 Bullingcrius'
448 1471 540 1530 mittit
560 1471 614 1531 tibi
635 1471 712 1532 dono
732 1471 854 1542 librum,
876 1489 961 1546 quem
981 1471 1106 1547 ridebis,
1127 1471 1227 1533 scribit

74 1579 115 1639 cd
135 1587 192 1651 mc,
213 1583 246 1637 ut
266 1593 365 1637 ornem
386 1593 488 1636 munus
509 1575 613 1649 verbis,
634 1585 665 1636 et
686 1577 755 1652 qnid
776 1577 868 1652 opus?
888 1575 1032 1639 incessant
1052 1581 1226 1640 ceremoniae

75 1686 158 1743 inter
178 1680 292 1741 iratres.
332 1681 447 1740 Salutat
466 1686 496 1739 te
517 1687 596 1742 certe
618 1688 749 1741 amenter
770 1689 800 1744 et
819 1690 998 1743 reverenter.

156 1785 223 1846 Dux
243 1784 498 1846 Florentinornm⁸
518 1783 599 1843 dedit
619 1782 707 1844 illium
728 1785 830 1858 nuptui
851 1788 950 1859 nepoti
971 1784 1081 1858 Papo*
1101 1787 1227 1860 sboqnin

72 1892 213 1968 ignobili,
234 1891 286 1951 sed
306 1889 342 1950 eb
363 1891 516 1950 immensos
537 1887 659 1950 divitias
675 1895 705 1949 et
724 1890 904 1964 impietatem
925 1889 1015 1948 nobili
1035 1889 1128 1964 iucto;
1158 1907 1225 1964 per·

73 1999 127 2058 det
148 1997 226 2057 enim
245 1996 394 2056 Dominus.

154 2101 236 2161 Obiit
262 2106 386 2175 tyrcnno
414 2099 574 2174 ‘lurcorum
603 2099 697 2159 edlruc
728 2099 802 2159 elius
831 2099 923 2173 filins3
952 2097 1097 2159 affirment
1128 2114 1227 2158 rernm

72 2207 166 2267 fuisse
188 2207 224 2265 dc
245 2203 401 2278 Musiepbu
421 2205 615 2280 primogenito
636 2203 792 2264 interfecto
812 2203 940 2278 percotis
956 2205 1049 2279 jussu.

155 2309 299 2385 Oppidum
320 2317 365 2370 est
384 2309 413 2367 in
435 2323 505 2383 egro
519 2307 648 2379 Senensi,
670 2307 715 2365 cui
730 2321 834 2366 nomen
846 2307 873 2366 S.
885 2307 1028 2367 Florentii
1036 2305 1057 2380 ⁸,
1077 2305 1132 2366 boc
1152 2321 1228 2364 nunc

71 2417 199 2478 Gesseris
219 2417 361 2476 exercitus
382 2413 495 2473 obsidet
516 2419 546 2472 et
566 2411 666 2472 Gallus
686 2419 772 2485 peret
792 2429 823 2471 sc
845 2412 883 2471 cd
902 2412 1114 2471 liberationem.

152 2523 198 2582 De
219 2522 324 2594 Anglie
344 2519 438 2580 udhnc
458 2535 540 2593 spes,
569 2534 624 2576 non
651 2521 695 2576 est
716 2516 885 2577 abbreviata
905 2534 1005 2576 manus
1025 2517 1157 2589 Domini,
1182 2521 1226 2576 to·

69 2635 131 2688 tam
152 2626 240 2686 nudie
261 2623 432 2685 tumultuari
454 2629 484 2682 ct
504 2637 630 2681 renuere
647 2626 816 2681 extraneum
832 2637 930 2696 regem
946 2627 976 2682 ct
989 2623 1130 2696 pepistioe
1143 2635 1227 2680 scere

71 2729 242 2793 restitnts⁶.

154 2837 225 2895 Vale
247 2841 278 2895 et
298 2835 385 2905 selue,
407 2831 627 2892 honoratissime
648 2829 754 2903 freter,
776 2847 838 2901 oro,
855 2832 926 2904 juve
946 2847 991 2890 me
1012 2831 1072 2890 tuis
1092 2829 1226 2904 precibus

71 2943 152 3018 apud
173 2942 319 3001 dominum
339 2941 434 2998 Deum
458 2942 604 3009 nostrum3
633 2935 676 2996 illi
706 2953 760 3011 ego
788 2938 876 2995 etiem
907 2937 961 2996 boc
982 2937 1097 2996 nornine
1117 2935 1226 3008 gratias

70 3064 188 3123 semper
208 3063 271 3119 ego,
293 3044 370 3120 quod
390 3061 435 3103 ure
456 3043 486 3102 in
507 3044 657 3118 perpetuis
677 3041 838 3102 studiorum
858 3042 1020 3116 leboribns,
1042 3041 1142 3117 quales
1162 3046 1226 3100 toto

70 3171 160 3214 cursu
182 3153 249 3214 vites
269 3167 341 3210 meae
362 3167 418 3209 non
439 3149 576 3221 sustinui,
605 3148 723 3222 pulchre
751 3153 911 3218 sustentet,
942 3149 1052 3207 utinum
1072 3145 1140 3206 telis
1160 3161 1226 3220 pro·

70 3261 172 3320 veniet
190 3257 312 3328 fructus,
333 3255 382 3330 qni
402 3255 523 3326 gloriam
545 3254 608 3326 ejus
628 3252 772 3310 illustret!

153 3363 293 3434 Tubingee
315 3362 362 3419 dic
384 3362 421 3417 26
442 3357 596 3416 Februarii
619 3357 702 3414 1554.

978 3460 1146 3534 Vergerius.

642 3583 657 3618 *

151 3689 162 3741 1
183 3686 212 3740 S.
231 3703 259 3739 n.
281 3685 338 3739 123.

145 3775 162 3827 2
181 3774 208 3829 Β.
228 3791 254 3826 n.
275 3773 332 3827 111.

144 3865 161 3918 3
180 3860 298 3917 (losimo.
335 3860 368 3912 N.
391 3859 448 3912 141.

143 3952 160 4004 d
178 3948 271 4004 Julius
289 3947 338 4012 Ill,
356 3966 377 4001 s.
396 3966 422 4000 n.
444 3949 502 4002 165.

143 4039 159 4092 5
179 4034 344 4090 Senfiorino.

141 4125 158 4178 6
178 4123 260 4178 Necb
280 4122 345 4177 dem
363 4121 430 4177 tode
443 4121 571 4176 Eduards
586 4120 622 4176 VI
641 4121 697 4176 und
717 4121 766 4175 der
785 4117 1041 4189 thronbesteignng
1059 4135 1114 4172 von
1133 4116 1224 4172 Meris

70 4212 179 4268 Tuder:
