2852 5076
71 355 134 409 leet
599 361 634 420 71

68 528 236 588 committere
265 535 295 588 et
321 529 425 600 edere,
452 543 624 602 quamquam
644 543 698 600 ego
718 531 838 588 conatus
859 523 963 588 iussim
983 526 1151 588 dissuadere
1172 533 1202 588 et

68 633 239 704 intempore
259 634 352 694 miuus
372 631 534 706 periculose
553 630 760 700 differendum,
785 635 815 689 et
834 629 929 690 edbuc
956 646 1012 689 nou
1040 631 1129 692 deero
1149 630 1204 692 boc

66 753 153 809 agere.
193 737 331 810 Optasset
356 735 405 794 ille
433 735 548 809 quidem
577 735 689 794 Vestem
717 733 889 794 Getsitndini
915 751 976 794 eam
1004 733 1119 805 dicare,
1151 733 1203 794 sed

67 842 119 898 scio
138 857 194 898 nou
215 839 368 912 iacturum,
390 839 438 897 nbi
460 857 504 897 me
526 839 667 909 audierit;
690 855 754 900 narn
775 837 856 896 breri
872 837 978 898 alieubi
992 839 1202 912 conveniemus,

69 951 95 1002 ut
113 951 198 1004 toturn
219 963 279 1004 unu
300 959 499 1022 percurramus
520 950 550 1004 et
569 959 820 1018 recognoscentem
844 950 905 1002 tum
927 961 962 1002 ex
982 959 1028 1002 me
1043 944 1105 1018 ipso
1118 949 1204 1004 autor

70 1049 160 1107 bomini
182 1047 300 1108 iuturus
320 1066 389 1121 sunu,
411 1056 442 1106 ut
463 1048 634 1106 tielsitudini
656 1048 768 1108 vesnae
789 1047 904 1108 minime
927 1047 1019 1116 dicet,
1045 1046 1097 1106 sed
1117 1047 1202 1106 elteri

70 1153 259 1212 miminerit.
301 1155 346 1212 Ite
367 1155 441 1212 eninr
462 1153 573 1221 sentio,
606 1171 641 1212 ox
661 1155 756 1211 enimc
785 1169 841 1211 non
870 1169 933 1212 esse
961 1153 1138 1218 consultum.
1170 1157 1203 1211 nt

68 1257 125 1314 telis
144 1256 269 1316 historia
294 1257 347 1314 snb
367 1257 472 1315 Vestro
500 1259 613 1314 nornine
641 1256 772 1328 prodeat.
814 1254 871 1338 Sed
897 1253 1029 1328 proiecto
1049 1255 1132 1314 vaide
1155 1255 1202 1328 ju·

65 1361 148 1418 cunda
173 1368 204 1419 et
235 1361 320 1422 valde
352 1363 430 1420 utitis
458 1361 555 1418 sutura
581 1367 645 1428 est,
678 1361 756 1418 velut
782 1361 830 1418 lux
851 1359 982 1432 quedam
1003 1360 1087 1432 bans
1108 1360 1202 1418 etatis

65 1465 196 1538 precipue
217 1467 249 1522 in
273 1465 324 1536 bis,
347 1481 410 1538 qnae
431 1464 467 1522 ed
489 1465 658 1536 religionem
681 1465 835 1536 pertinent.
869 1463 923 1522 Ubi
940 1462 1087 1522 Celsitudo
1097 1464 1203 1522 Vestra

66 1567 253 1640 Stutgardium
274 1569 404 1636 redierit.
424 1571 509 1642 cupio
532 1585 595 1627 eam
616 1569 784 1638 convenire,
816 1573 877 1625 tum
904 1566 941 1626 cb
961 1566 1035 1626 barre
1053 1567 1202 1628 historiam

66 1677 118 1730 tum
137 1673 171 1731 ob
192 1675 269 1732 alies
288 1689 406 1745 causas3
436 1671 554 1732 afferam
575 1689 649 1731 nore
669 1671 798 1746 (lundam
820 1671 927 1746 scripte
947 1687 1023 1742 mee;
1052 1688 1116 1730 nam
1136 1688 1202 1744 pro·

65 1775 139 1834 fiteor
159 1795 204 1834 me
228 1777 309 1835 nnita
331 1777 485 1848 editurum,
507 1793 570 1850 qum
591 1777 741 1848 priusnon
757 1775 906 1836 ostendum
921 1781 950 1834 et
965 1774 1198 1849 commendicem,

64 1882 98 1938 ita
117 1887 146 1951 ut
166 1897 238 1939 sane
260 1880 352 1937 decet.
393 1879 507 1938 Laboro
528 1881 590 1938 dies
611 1887 776 1952 noctesque,
799 1885 828 1938 et
848 1896 910 1938 sum
931 1877 1059 1952 quotidie
1080 1877 1109 1936 in
1131 1881 1201 1954 ipsis

64 1983 199 2043 laboribus
220 1983 325 2044 fortior
345 1991 375 2042 et
396 1986 514 2043 bilarior-
535 1985 590 2042 Dei
617 1987 719 2056 gratia.
761 1983 934 2042 Commendo
963 2002 1007 2042 nre
1034 1987 1203 2043 reverenter

65 2087 226 2146 Celsitodini
249 2089 376 2159 Vestrae,
405 2105 489 2162 qnam
512 2104 597 2161 rogo,
618 2095 650 2147 ut
671 2089 810 2148 Dominus
831 2087 881 2146 diu
905 2093 1002 2146 secret
1028 2086 1200 2146 ineolumem

64 2193 180 2250 eeclesiae
201 2207 263 2250 suec
286 2195 402 2250 sarrctee.

132 2295 309 2368 Stutgerdiae
331 2299 368 2354 26
390 2296 464 2370 Aug.
488 2298 571 2354 1554.
636 2374 639 2380 Ι

41 2406 43 2409 ’
807 2397 937 2456 Sarritor
957 2398 1121 2471 Vesgerius.

607 2685 651 2741 12.

356 2806 480 2891 Verger
503 2828 544 2870 an
567 2807 685 2890 herzog
709 2794 895 2889 Obrisboph.

387 2944 548 3030 Strabbnrg
569 2947 605 3002 23
628 2942 754 3002 October
776 2945 860 3000 1554.

127 3063 318 3120 Necbriehten
338 3065 407 3118 iiber
433 3063 509 3119 seiue
528 3061 799 3119 schriftstellerische
825 3061 981 3133 thitigireit
998 3064 1056 3118 und
1074 3061 1201 3118 Sieidaus

63 3145 226 3224 geschichte,
247 3157 431 3230 neuigkeiten
449 3176 499 3214 eus
518 3159 644 3215 Ferreru.

125 3253 290 3310 Tbeilweise
315 3253 453 3322 gedruekt
474 3254 547 3326 (Ago
570 3253 677 3326 gratiss
697 3255 739 3310 bis
758 3253 951 3323 tractaverim)
969 3253 1075 3308 Settler
1091 3251 1139 3316 111,
1159 3253 1201 3308 75.

138 3379 333 3436 Hlnstrissimc
365 3385 395 3435 et
424 3377 672 3436 Excellentissime
703 3379 840 3451 Princeps
870 3383 900 3435 et
930 3377 1052 3434 Domine
1079 3375 1201 3434 Domine

67 3478 299 3540 clementissime!
409 3549 413 3555 ¹

145 3587 205 3659 Ago
236 3586 345 3660 gratias
376 3585 490 3642 domino
523 3587 585 3642 Deo
615 3585 692 3656 patri
722 3601 774 3657 per
805 3585 904 3643 Jesum
935 3583 1098 3652 Christum,
1135 3599 1201 3642 nem

64 3692 240 3762 posteaquam
261 3687 382 3746 discessi
402 3687 438 3744 ab
459 3687 553 3755 ltalia,
576 3703 722 3759 nunquam
748 3693 807 3744 tem
835 3687 926 3748 multe
948 3687 1048 3746 eodem
1071 3693 1202 3760 tempore

66 3788 143 3848 babui
170 3809 229 3864 pree
261 3791 405 3858 manibus,
442 3809 506 3865 quae
536 3809 654 3864 egerem
684 3793 713 3848 iu
746 3795 809 3864 ejus
838 3792 973 3864 glorium,
1009 3809 1094 3866 quem
1128 3809 1203 3850 rrunc

67 3892 157 3953 babeo.
197 3895 343 3966 Principio
368 3911 543 3968 recognosco
572 3901 662 3954 totam
690 3896 838 3954 historiam
859 3896 986 3955 Sieidani
1013 3902 1043 3954 et
1070 3895 1201 3970 quedem

67 4013 127 4056 curo
145 3999 299 4072 mitiganda
320 4005 350 4058 et
371 4001 560 4072 moderanda,
590 4000 827 4074 quemadmodum
848 4001 952 4060 Vestra
972 3999 1120 4058 Celsitndo
1141 4015 1200 4057 mo-

67 4103 136 4172 nuit,
161 4103 289 4178 quaedem
311 4118 379 4160 reru
400 4101 549 4175 addenda,
579 4119 666 4178 quum
686 4120 744 4176 non
764 4119 857 4178 peuce
876 4101 992 4176 publica
1012 4100 1130 4172 negotia
1149 4101 1202 4158 aii·

70 4206 171 4275 quaudo
182 4207 365 4268 tractaverim
375 4203 392 4264 ¹.
414 4206 527 4266 Deinde
539 4205 606 4265 dedi
621 4205 840 4278 imprimendum
851 4205 955 4268 librum
966 4205 1128 4266 Cardinalis
1138 4203 1202 4262 Poli

622 4309 636 4341 *

134 4386 188 4440 ts.
207 4387 248 4442 br.
269 4387 311 4444 11.
