2884 5074
744 344 806 405 476
1278 335 1338 391 1564

200 531 235 568 an
254 512 280 568 S.
301 513 330 568 L.
349 511 395 568 ine
416 513 581 584 vergeriom
600 531 632 568 nn
653 511 846 568 versohreiben
869 511 922 566 mii
940 509 1133 566 freondlioher
1152 510 1232 573 bitte,
1252 511 1294 566 ine
1311 530 1339 564 nn

200 599 337 672 guediger
356 603 603 672 vernntwurttnng
622 601 744 656 khomen
763 617 797 654 no
816 600 907 656 lossen
927 600 985 654 nnd
1005 599 1060 653 dan
1080 597 1136 652 ime
1149 596 1195 652 nin
1210 598 1338 670 guedignn

201 687 330 744 abtohidt
350 688 556 744 rnitnntheillen
576 688 664 744 seinos
683 687 819 760 geleisten
839 687 940 751 diensi,
959 687 1006 741 des
1021 702 1087 756 seye
1107 703 1133 738 n.
1153 702 1173 739 s.
1192 703 1225 739 w.

743 920 809 975 251.

506 1049 631 1135 Vorger
653 1071 695 1114 on
720 1047 837 1134 herzog
861 1047 1046 1131 Christoph.

624 1179 690 1237 Sine
713 1180 781 1238 doto
804 1185 833 1236 et
854 1180 924 1237 loeo.

271 1302 376 1370 Verger
396 1299 481 1355 bittet
502 1319 547 1354 um
566 1299 640 1370 geld.

278 1398 474 1458 illustrissime
495 1399 635 1471 Princeps
656 1403 686 1455 et
707 1399 830 1456 Domine
851 1399 975 1455 Domine
998 1397 1244 1456 clementissime!

276 1504 341 1562 ism
362 1503 419 1562 dno
440 1509 507 1560 sont
528 1504 606 1572 anni,
627 1501 730 1574 quibus
751 1503 781 1559 in
802 1501 944 1574 principio
965 1503 1071 1560 mensis
1092 1503 1227 1562 Januarii
1250 1501 1343 1559 Vestro
1373 1533 1378 1539 -

199 1607 395 1666 illustrissima
407 1605 557 1666 Oelsitndo
571 1605 691 1678 dignata
705 1612 750 1665 est
770 1622 823 1682 pro
844 1623 897 1665 sun
917 1607 1070 1666 elementia
1090 1606 1160 1664 mihi
1182 1623 1218 1665 ex
1240 1622 1344 1665 coniers

199 1712 305 1784 jubere
326 1711 389 1769 dori
409 1715 525 1770 eentum
545 1710 614 1786 (nisi
635 1710 735 1782 fallor)
756 1711 896 1778 florenos,
919 1711 1021 1786 quibus
1043 1712 1214 1770 victitorem.
1258 1711 1343 1769 Hsbni

200 1824 269 1877 onte
290 1817 362 1877 dnos
383 1834 473 1876 sonos
494 1821 609 1876 eentum
630 1824 660 1875 et
680 1815 768 1874 habui
788 1823 857 1876 onte
877 1833 983 1876 annum
1005 1815 1127 1877 totidem
1146 1834 1200 1890 pro
1221 1817 1344 1890 pecnnia,

113 1920 120 1930 '
201 1941 286 1998 quom
307 1921 419 1981 solebat
437 1922 507 1982 mihi
528 1921 597 1979 dore
618 1937 670 1980 rex
691 1919 802 1980 Goliiae.
843 1921 918 1980 Nom
940 1923 1085 1981 convertit
1105 1938 1168 1980 earn
1189 1922 1343 1994 pecuniam.

199 2028 283 2086 Nune
304 2043 368 2086 enm
388 2025 501 2085 venerit
520 2025 593 2084 illud
614 2031 725 2100 tempus
754 2030 784 2083 et
811 2041 863 2098 por
883 2025 938 2084 Dei
967 2025 1143 2086 voluntatem
1169 2025 1274 2085 affixos
1298 2025 1344 2083 sim

196 2131 273 2195 lento
294 2130 416 2208 (aegroto
438 2128 515 2188 enim
535 2145 591 2189 non
612 2127 811 2203 mediocriter)
833 2146 920 2202 cogor
940 2128 1075 2189 aVostra
1087 2129 1269 2189 Celsitudine
1282 2130 1344 2188 Illu-

199 2236 339 2295 strissima
358 2241 459 2310 petere
481 2240 662 2305 consuetum,
686 2241 717 2292 nt
737 2231 868 2319 habeon,
891 2233 967 2292 unde
988 2250 1033 2292 mo
1054 2239 1212 2293 sustentem
1234 2234 1272 2292 od
1291 2234 1344 2306 glo-

198 2341 271 2400 riam
291 2341 356 2400 Dei.

188 2453 190 2458 ·
960 2443 1118 2516 Vorgerins
1139 2443 1275 2503 servitor.

268 2547 375 2604 Hinten
395 2565 449 2603 von
470 2548 518 2604 des
538 2547 654 2617 hernogs
673 2547 765 2604 hand:

273 2635 343 2691 Wnn
362 2635 412 2691 dns
431 2634 594 2691 versohinen
610 2634 656 2704 jor
675 2635 854 2694 hornmbher.
873 2634 925 2688 soli
945 2634 1001 2687 ime
1016 2632 1120 2687 rronsz
1135 2632 1181 2688 die
1195 2632 1343 2704 bewilligte

200 2726 248 2779 loo
269 2723 374 2792 guidon
394 2723 455 2778 auff
470 2722 594 2794 konffrig
609 2723 655 2792 jor
674 2723 774 2791 geben.
885 2732 888 2739 “

739 2951 805 3008 252.

505 3075 628 3160 Verger
652 3097 694 3139 nn
718 3075 838 3160 herzog
862 3073 1046 3158 Christoph.

625 3205 693 3264 Sine
715 3205 783 3264 dato
804 3213 833 3263 et
855 3205 927 3264 looo.

271 3311 378 3391 Ver‘ger
397 3318 486 3374 nitier
504 3336 550 3372 um
569 3317 643 3389 gold.

279 3418 475 3478 Illustrissime
495 3417 648 3490 Princeps!

280 3521 398 3582 Duobus
419 3519 617 3595 superioribus
638 3522 720 3580 annis
742 3522 769 3578 in
792 3522 848 3578 tine
869 3522 979 3580 soilioet
1003 3521 1133 3580 ianuarii
1156 3522 1261 3580 Vestro
1281 3518 1341 3578 illn-

200 3627 339 3688 strissima
361 3627 509 3687 Celsitudo
539 3625 656 3698 dignata
681 3633 726 3684 est
752 3627 821 3684 mihi
849 3627 953 3699 jubere
982 3625 1044 3686 dari
1071 3625 1199 3684 florenos
1230 3630 1341 3683 nenton.

203 3734 277 3792 Nom
296 3733 468 3805 promiserat
489 3749 525 3790 ex
545 3747 666 3790 ramera.
709 3732 854 3805 Dignetnr·
875 3749 950 3788 nuno
969 3747 1023 3803 pro
1043 3747 1095 3789 sua
1115 3730 1268 3790 elementis
1286 3733 1341 3786 too·

200 3838 328 3898 tondem.
360 3837 434 3898 Nam
454 3835 585 3908 profecto
607 3853 678 3910 opus
690 3837 793 3908 habeo,
814 3837 882 3896 boni
894 3838 1025 3896 consulet
1038 3837 1141 3894 Vestro
1155 3835 1340 3894 illustrissimo

200 3942 359 4004 Golsitndo.

1103 4047 1269 4118 vergerins.

270 4150 378 4206 Hinten
397 4151 519 4205 rondes
538 4149 654 4220 hernogs
672 4139 764 4206 hond:

272 4238 351 4294 Diser
368 4237 490 4292 khnmbt
509 4235 565 4292 alle
585 4237 652 4291 tritt
668 4237 727 4291 und
744 4237 805 4291 holt
824 4237 890 4289 omb
918 4235 999 4306 geldt
1023 4254 1074 4301 an3
1104 4235 1156 4291 soll
1181 4237 1269 4292 ainest
1293 4231 1338 4286 mit
1425 4283 1426 4322 ἦ

199 4327 255 4382 ime
274 4324 467 4397 abgereohnet
484 4323 597 4378 werdon
623 4324 680 4378 und
704 4341 734 4379 so
760 4342 825 4380 mon
844 4323 899 4379 ime
918 4323 983 4379 wsss
1001 4342 1035 4378 nn
1053 4323 1150 4388 thuon,
1168 4323 1273 4380 solohes
1289 4322 1337 4375 ime

200 4411 338 4469 bonnllen.
