2884 5074
98 345 160 402 15⁶2
628 353 689 414 459

98 521 203 582 Vilnam
225 539 314 596 usque
336 519 483 596 protectus
504 526 557 582 est.
599 522 656 581 Sed
686 524 753 596 qnia
780 522 889 596 aliquid
900 521 1114 596 ‘impedimenti
1132 521 1163 582 in
1183 523 1238 582 hac

93 641 173 684 caasa
192 625 370 692 intercessit,
402 631 432 684 et
451 642 565 686 remora
586 627 717 700 quaedum
738 626 854 700 objecta
883 625 952 698 init,
981 628 1071 686 amice
1093 643 1233 698 rogemus,

93 736 121 788 nt
140 730 243 790 Vestra
263 730 389 790 Dilectio
409 730 446 790 de
470 730 608 804 vergerio
630 731 699 790 nihil
722 733 831 792 sinistri
859 731 1037 806 suspicetur,
1064 731 1115 790 sed
1142 731 1236 806 ipsum

91 840 251 894 excusatum
273 835 388 894 habent.
430 837 549 895 Interim
571 837 682 895 vestrm
705 837 861 897 Dilectioni
884 852 936 897 nos
964 835 1000 896 cd
1029 836 1124 896 carnia
1143 837 1236 896 amica

89 937 177 999 officie
197 941 407 1013 promptissime
429 941 592 1016 praestanda
612 939 775 1000 offerentes.

162 1033 360 1106 Ubersclrriit:

445 1149 491 1208 Ad
511 1149 674 1209 Palatinum
698 1149 872 1209 Vilnensern.

623 1433 691 1489 242.

389 1561 511 1646 Verger
534 1583 576 1626 en
600 1561 718 1648 herzog
740 1561 924 1647 Christoph.

507 1691 574 1750 Sine
596 1692 665 1751 dato
686 1699 717 1752 et
736 1693 808 1752 loco.

521 1790 590 1848 Muss
611 1794 678 1849 1562
696 1793 792 1850 fallen.

152 1899 245 1954 Bittet
265 1917 309 1954 arn
328 1899 402 1968 gold.

159 1996 356 2056 Illustrissime
378 1996 531 2071 Princeps!

158 2100 231 2162 Cum
257 2101 451 2160 ltlustrissima
473 2100 621 2161 Celsitudo
642 2102 747 2160 Vestra
775 2109 911 2162 meante
941 2121 1043 2164 novem
1070 2121 1160 2164 annuas
1188 2105 1232 2163 iu-

80 2208 206 2276 gientem
229 2225 247 2266 a
267 2215 375 2282 papatu
396 2208 587 2282 suscepisset,
609 2225 661 2282 pro
683 2225 735 2266 sua
755 2210 864 2282 pietate
886 2215 921 2269 et.
937 2210 1105 2282 clementia,
1127 2211 1232 2269 consti·

78 2315 140 2368 tuta
160 2318 234 2370 tunc
254 2311 322 2370 mihi
344 2311 398 2370 init
417 2313 519 2386 pensio
536 2313 724 2372 ducentorum
740 2312 915 2372 florenorum
930 2315 959 2372 in
976 2331 1067 2384 ann03
1088 2321 1233 2386 praeterea

79 2415 233 2488 frumenta,
255 2419 329 2489 vina,
350 2435 442 2476 arena
462 2428 492 2478 et
512 2419 590 2492 ligne
612 2436 663 2492 pro
685 2419 750 2480 aliis
771 2426 886 2478 centum
909 2421 1033 2480 circiter.
1071 2420 1141 2480 Cum
1164 2437 1232 2479 vero
1305 2495 1308 2499 .

78 2521 223 2582 Henricus
247 2522 394 2580 Gallorum
421 2539 489 2596 rex,
519 2531 673 2597 antequam
694 2525 722 2582 in
748 2526 880 2588 Vestrum
901 2525 1037 2584 ducatum
1060 2525 1199 2584 venissem
1214 2524 1232 2592 ¹,

78 2626 280 2686 constituisset
300 2627 370 2684 mihi
391 2627 578 2686 ducentorum
601 2621 802 2686 coronatorum
831 2630 1014 2702 pensionem,
1042 2630 1137 2702 patui,
1171 2636 1232 2688 tum

77 2729 269 2790 celsitudinis
290 2730 417 2800 Vestrae,
446 2738 505 2788 tum
535 2733 613 2806 regie
638 2733 776 2804 pensione
803 2733 988 2792 mediocriter
1009 2735 1114 2792 vivere.
1156 2732 1230 2792 Gon-

77 2835 143 2908 tigit
164 2828 286 2908 autent,
318 2837 394 2909 quod
421 2838 522 2910 pensio
550 2837 630 2909 regia
659 2843 780 2910 urgente
802 2838 882 2912 Papa
902 2845 932 2896 et
953 2839 1076 2897 dominis
1097 2839 1232 2897 Gaisanis
1311 2877 1316 2888 ,

75 2957 168 3012 nuper
190 2940 263 2998 mitri
284 2939 373 3000 inerit
393 2941 540 3016 adempta;
562 2943 693 3016 contigit,
714 2947 747 3000 ιιι
768 2959 882 3002 annona
903 2941 980 3002 iacta
995 2941 1127 3002 fueritin
1144 2943 1232 3016 duplo

74 3045 185 3118 carior;
211 3045 334 3117 contigit
354 3045 489 3119 denique,
511 3053 543 3104 ut
564 3047 732 3120 gravissima
753 3046 896 3119 aegritudo
916 3049 959 3106 ita
979 3063 1024 3118 me
1046 3047 1233 3120 oppresserit,

76 3156 107 3206 ut
128 3165 254 3210 necesse
276 3149 365 3208 inerit
384 3167 492 3226 augere
514 3167 662 3208 numerum
684 3150 870 3218 famulorum,
892 3153 941 3225 qui
962 3167 1007 3209 nne
1028 3157 1232 3222 sustentarent,

72 3253 114 3312 ita
134 3257 165 3312 in
189 3271 311 3326 summa,
333 3259 365 3314 ut
386 3254 441 3314 nisi
462 3254 691 3314 clementissime
706 3256 854 3316 Oelsitudo
866 3258 972 3316 Vestra
991 3256 1062 3314 milri
1082 3271 1165 3330 opem
1186 3265 1232 3316 tu·

75 3361 153 3432 ierit,
178 3361 263 3420 nullo
284 3361 369 3419 inodo
390 3362 496 3434 possim
519 3362 643 3421 eradere
672 3367 831 3436 egestatem
857 3363 886 3419 in
915 3361 969 3422 hac
993 3378 1058 3420 mee
1083 3367 1232 3420 senectute

74 3465 309 3537 aegmtudinaria.
360 3465 430 3524 Cum
467 3481 534 3523 vero
572 3483 632 3524 rern
670 3471 758 3526 totam
801 3483 894 3526 coram
933 3466 1026 3525 eidem
1060 3465 1233 3526 Celsitudini

74 3571 191 3630 Vestrae
232 3587 412 3644 narrassem,
444 3571 591 3630 mandevit
624 3572 711 3642 milri,
746 3579 777 3630 ut
815 3573 979 3630 memoriale
1011 3573 1236 3642 conscriberem,

69 3679 168 3736 scribo
190 3678 292 3750 itaque
314 3683 343 3734 et
363 3693 409 3740 nre
431 3683 601 3743 reverenter
621 3677 798 3736 commendo.
831 3677 954 3736 Ducenti
971 3676 1100 3736 coronati
1113 3676 1232 3736 fuerunt

68 3781 140 3840 mitri
162 3781 278 3840 adeunti
299 3781 344 3854 (ut
366 3780 447 3856 dixi),
469 3781 558 3838 crevit
580 3797 701 3840 annonae
723 3783 860 3854 pretium;
883 3797 1097 3856 cogorquoque
1110 3787 1231 3854 propter

68 3887 306 3952 imbeciilitatem
327 3887 426 3959 plures
448 3888 526 3944 alere
549 3886 624 3959 opud
652 3903 710 3957 me3
739 3886 843 3944 Vestra
865 3886 1063 3945 illustrissima
1084 3885 1232 3944 Ocisitndo

66 3997 137 4064 agat
159 4005 280 4049 mecunr
300 4007 383 4048 servo
404 3990 474 4050 Jcsu
496 3991 619 4062 Christi,
652 3997 685 4050 ιιι
704 4009 722 4050 e
743 3989 806 4050 Deo
833 3990 1036 4063 inspirabitur,
1066 3997 1095 4050 et
1123 3992 1168 4050 vel
1194 3989 1232 4048 ad

66 4113 154 4154 suam
178 4095 412 4166 dispensatorem
434 4093 649 4168 Tubingeusem
667 4095 789 4168 scribet,
817 4090 850 4156 ut
869 4096 1011 4164 voluerit,
1041 4096 1086 4154 vel
1114 4095 1160 4156 cui
1181 4111 1230 4153 ro-

65 4200 169 4273 lnerit,
198 4198 338 4284 mandet,
370 4204 402 4258 ιιι
422 4200 479 4260 mei
499 4199 643 4260 rationem
663 4199 778 4261 hebeat.
820 4199 921 4277 Spero,
945 4217 992 4261 me
1017 4216 1074 4262 noa
1102 4198 1229 4264 futurum

647 4321 663 4360 ιι

140 4419 155 4471 1
180 4415 211 4470 S.
236 4431 261 4470 a.
281 4416 340 4471 204.
