2830 5072
598 629 662 688 147.

354 747 478 844 V'erger
501 781 543 824 an
567 760 684 847 herzog
708 760 892 846 christoph.

400 881 550 956 Ttlbingeu
573 883 589 939 o
611 882 744 942 Februer
766 885 850 942 1562.

127 993 273 1050 Politisehe
285 991 472 1048 neohriehteu
486 1009 536 1047 aus
548 991 643 1056 Polou,
658 992 786 1056 Livleud,
802 993 937 1062 Savoyen,
957 991 1087 1054 Sehweis,
1107 989 1199 1045 kirch-

67 1089 131 1144 liehe
147 1107 195 1146 eus
212 1091 287 1146 Geni
303 1091 359 1144 und
377 1088 488 1144 Italion.

133 1189 325 1248 Illustrissime
346 1187 484 1260 Princeps
505 1193 535 1245 et
554 1186 677 1246 Domine
698 1188 820 1245 Domine
842 1184 1084 1246 Clementissirue!

132 1291 270 1351 Proximis
290 1293 360 1350 meis
381 1291 486 1350 litteris
512 1290 733 1364 promittebam,
765 1308 810 1350 me
839 1291 1012 1362 scripturum
1039 1289 1075 1348 de
1102 1290 1198 1362 rebus,

65 1413 119 1468 quae
138 1397 165 1454 in
186 1396 322 1456 Lituaniu
341 1395 433 1466 fiunt,
465 1395 541 1454 unde
562 1395 676 1453 litteras
697 1395 791 1466 habui,
813 1394 934 1453 scribam
954 1395 1068 1468 itaque,
1093 1392 1198 1452 deinde

63 1500 121 1572 quid
141 1501 333 1558 intellexerim
353 1516 406 1574 per
426 1501 548 1572 litteras,
570 1516 641 1574 ques
660 1500 747 1605 horlie
769 1517 804 1559 ex
823 1499 958 1558 Helvetia
977 1505 1065 1573 atque
1085 1498 1200 1558 Rhaetia

64 1609 186 1678 etquet
159 1605 246 1663 Italia
265 1605 374 1678 accepi

130 1708 278 1767 Palatinus
292 1708 470 1775 Wilneusis¹
490 1709 658 1780 gravissimo
676 1716 707 1768 et
727 1708 763 1767 ed
785 1714 906 1768 mortem
928 1724 1018 1782 usque
1040 1709 1201 1781 agrotavit,

64 1812 205 1872 videbatur
227 1819 323 1872 tamen
343 1813 445 1872 melius
466 1813 582 1872 habere.

130 1901 193 1976 Rex
215 1917 345 1976 Poloniae
366 1917 465 1976 Wilua
485 1919 673 1988 discesserat,
702 1925 733 1976 ut
760 1919 789 1976 in
811 1917 962 1976 Warsoviu
989 1917 1104 1976 comitia
1124 1917 1200 1976 eele-

62 2019 156 2079 breret.
185 2021 275 2080 Multi
294 2021 448 2094 affirment,
469 2023 545 2096 quod
566 2024 636 2082 velit
656 2022 771 2081 efficere
793 2022 828 2097 (si
843 2021 987 2098 potuerit)
1004 2029 1036 2080 ut
1050 2022 1200 2080 Livouiam

60 2141 139 2196 regno
160 2125 290 2184 Poloniae
310 2126 465 2199 adjungat,
493 2128 671 2186 constituens
692 2127 803 2184 seilicet
823 2123 954 2197 feudum,
983 2132 1013 2184 et
1034 2131 1093 2184 ires
1113 2126 1201 2185 duoes

60 2244 166 2302 oenus,
188 2231 241 2304 qui
260 2229 331 2288 inibi
353 2230 474 2302 degent,
495 2229 636 2302 projectis
657 2229 768 2287 seilicet
789 2227 931 2301 episeopis
952 2228 1128 2303 reliquisque
1149 2246 1199 2302 pe·

62 2332 159 2404 pisticis
180 2334 407 2406 magistratibus.

126 2439 288 2498 Mosoorita
309 2437 394 2497 oiiert
415 2439 477 2512 regi
499 2439 626 2509 Sueeiae,
658 2437 744 2510 quod,
766 2438 789 2495 si
817 2437 942 2498 voluerit
958 2441 1062 2512 juvare
1082 2439 1112 2496 in
1133 2438 1197 2497 snb·

57 2545 176 2618 juganda
197 2545 336 2613 Livonia,
359 2546 429 2606 velit
449 2561 514 2603 eum
536 2545 682 2604 dominum
703 2547 894 2616 constituere,
924 2544 1082 2603 reservatis
1098 2526 1198 2601 ¹temen

58 2647 103 2706 sihi
122 2649 294 2722 quibusdam
315 2648 444 2720 arcibus3
476 2653 619 2720 speratur,
643 2647 767 2706 Sueeum
794 2664 850 2705 non
872 2662 1094 2718 consensurum,
1125 2663 1199 2720 prm·

58 2751 146 2809 sertim
167 2749 248 2826 quod
268 2769 319 2810 rex
340 2751 469 2810 Polouiae
489 2750 625 2809 videatur
645 2752 824 2819 consentire,
851 2757 883 2810 ut
903 2767 961 2809 urta
981 2767 1016 2810 ex
1037 2750 1097 2809 suis
1118 2767 1197 2809 soro-

57 2855 126 2914 ribus
145 2855 198 2915 fiet
220 2873 293 2915 uxor
313 2855 413 2915 fratris
433 2855 512 2928 regis
533 2855 660 2928 Sueciae3
690 2855 841 2930 quodnisi
869 2854 985 2934 iecerit,
1014 2855 1200 2914 metuendum

58 2965 103 3032 est,
122 2977 158 3020 ne
179 2961 344 3019 Mos'eovita
363 2961 456 3034 ipsum
477 2976 576 3032 regem
598 2959 709 3019 Sueeiae
730 2961 766 3019 ed
792 2975 822 3018 se
850 2958 1017 3031 pertrahat,
1049 2964 1078 3018 et
1098 2958 1135 3017 de
1155 2959 1200 3018 his

58 3063 198 3125 haetenus.

125 3169 264 3230 Seribuut
284 3169 320 3228 ed
342 3187 386 3228 me
408 3186 444 3228 ex
465 3169 600 3228 Helvetia
620 3170 656 3228 de
684 3171 756 3229 duee
778 3167 961 3238 Sabaudiee⁸,
994 3170 1052 3243 qui,
1080 3185 1144 3228 eum
1172 3169 1199 3226 ei

57 3280 132 3332 uatus
153 3273 258 3334 fuisset
278 3275 429 3344 masculus,
451 3275 619 3348 edJunxerit
639 3275 692 3334 sibi
708 3275 814 3346 Papum
833 3281 863 3333 et
877 3271 1049 3346 Philippum,
1071 3278 1103 3332 ut
1124 3273 1199 3332 bello

56 3385 208 3451 repeteret,
230 3397 295 3453 quae
316 3380 370 3439 sibi
391 3357 508 3438 inerunt
529 3397 655 3453 arogno
676 3381 778 3438 Gallim
805 3379 959 3454 promissa,
988 3378 1129 3448 scribunt,
1156 3377 1200 3435 in-

56 3497 150 3555 quam,
180 3483 258 3556 quod
279 3483 333 3540 hac
354 3483 504 3541 oeeesione
525 3483 603 3541 bella
628 3489 761 3542 metuunt
787 3499 890 3556 magne
918 3489 948 3542 et
972 3483 1039 3542 nito.
1080 3483 1111 3542 Si
1132 3481 1201 3542 Phi·

56 3582 142 3656 lippus
165 3594 265 3658 negat,
286 3603 317 3644 se
338 3585 413 3645 uelle
429 3587 592 3644 Germaniae
613 3587 721 3644 bellum
741 3585 847 3657 faeere,
869 3587 998 3646 fortassis
1019 3588 1073 3645 hoe
1092 3587 1200 3646 intelli-

57 3695 108 3760 get,
129 3691 205 3764 quod
227 3689 301 3748 nolit
320 3699 401 3750 recta
421 3693 474 3763 ipsi
497 3692 677 3764 Germania,
699 3692 750 3750 sed
771 3693 850 3761 aliis,
872 3693 919 3766 qui
942 3693 1062 3752 eandem
1082 3693 1199 3765 religio·

57 3808 114 3850 uem
134 3801 201 3852 suut
222 3793 373 3866 complexi,
395 3796 447 3853 sub
467 3797 525 3854 alio
545 3803 641 3856 tumen
663 3803 817 3870 praetextu.

127 3898 255 3957 Helvetii
276 3899 384 3957 dietam
406 3899 555 3959 celebrant
574 3901 604 3958 iu
620 3901 775 3973 Ιιιριειιι8
795 3903 871 3959 intre
885 3901 1022 3974 Tigurum
1039 3907 1069 3958 et
1083 3900 1199 3958 (iuriam

620 4055 636 4088 Ι

123 4169 295 4236 lReduivil,
316 4190 336 4225 s.
357 4189 383 4224 ι
402 4173 444 4235 47,
464 4171 533 4227 tiber
550 4171 710 4225 Livleuds.
729 4170 769 4224 br.
789 4170 855 4223 892.

119 4259 136 4310 2
153 4258 290 4314 Phrluberh
301 4259 474 4322 Emmanuel,
484 4259 573 4313 dieser
586 4257 655 4312 sohn
666 4257 733 4312 Kerl
743 4257 916 4321 Emmanuel
928 4257 992 4326 gob.
1005 4257 1107 4310 talen
1121 4255 1197 4310 1562.

59 4339 154 4415 herzog
172 4347 248 4402 1580.
284 4346 355 4414 ’[26
373 4345 431 4400 luti
452 4346 528 4400 1630.

122 4433 138 4485 3
155 4431 332 4504 Repperswrl
351 4449 396 4487 am
415 4431 598 4487 Ztiriehersee
