2830 5078
560 381 619 442 221

547 639 639 700 1160.

569 810 614 866 90.

320 937 445 1024 Verger
468 960 510 1002 nn
533 938 650 1024 herzog
675 936 860 1024 Christoph.

62 1143 67 1152 .
95 1072 166 1128 Ohne
184 1077 228 1129 ort
246 1075 304 1128 und
322 1074 420 1129 datum
427 1095 434 1138 ;
459 1072 526 1126 muli
546 1073 617 1128 ende
635 1073 716 1142 April
737 1075 804 1128 1560
823 1073 1005 1144 gesehrielreu
1025 1075 1104 1148 sein..
1128 1078 1165 1133 da

41 1169 77 1223 der
91 1169 188 1224 briei4
206 1171 265 1226 Mai
283 1170 313 1224 in
331 1168 466 1224 Wildbad
484 1169 637 1238 prasenttrt
656 1169 758 1224 wurde.

95 1265 214 1337 Kindigt
231 1265 309 1322 seine
326 1264 442 1334 boldige
461 1264 584 1319 aukuuft
601 1265 631 1318 in
650 1264 861 1336 Wtirttemberg
879 1279 924 1322 an.

100 1363 291 1422 illustrissime
313 1363 450 1434 Princeps
471 1370 501 1420 et
521 1363 644 1422 Domine
666 1362 787 1421 Domine
809 1362 1053 1424 clementissime!

100 1467 162 1526 Sum
181 1469 211 1525 in
232 1471 280 1526 ria
299 1467 416 1526 rediens
436 1467 474 1526 ad
489 1466 713 1526 illustrissimam
725 1465 933 1526 celsitudinem
945 1469 1079 1529 Vestram
1099 1472 1164 1546 (per

37 1571 229 1650 deigratiam)
250 1589 335 1646 spero
356 1579 469 1643 autem,
499 1588 622 1630 menon
649 1575 734 1630 inane
762 1587 856 1645 neque
882 1551 1089 1634 infructuosum
1110 1594 1163 1650 pro

38 1677 168 1748 evaugelio
188 1681 246 1736 iter
266 1676 380 1736 fecisse.
420 1676 498 1734 Fero
526 1677 602 1735 enim
626 1692 684 1734 nou
711 1678 787 1735 levia
806 1679 924 1749 negotia
943 1679 1012 1738 mihi
1033 1681 1069 1739 ah
1089 1683 1164 1754 ipso·

36 1782 260 1840 netPolonorum
279 1781 369 1854 rege²
389 1780 562 1840 demandata
583 1796 640 1838 una
653 1797 718 1838 eum
733 1797 793 1838 suae
807 1783 967 1853 majestatis
981 1783 1019 1842 ud
1031 1784 1164 1845 Vestram

36 1883 222 1944 celsitudinem
243 1886 351 1943 litteris
372 1901 428 1944 non
444 1885 528 1944 modo
549 1885 736 1942 illustrissimi
748 1884 870 1958 palatini
886 1885 1060 1960 Vilnensis⁸‚
1082 1892 1164 1962 eujus

35 1989 109 2047 haheo
128 2007 238 2048 meeum
260 1990 384 2049 eundern
403 1990 530 2062 legatum
544 1989 573 2060 ⁸,
604 1989 652 2060 qui
678 1991 810 2061 proxima
837 1991 986 2060 superiore
1013 1997 1113 2052 aestate
1134 1994 1164 2052 in

35 2093 198 2153 Germaniam
224 2073 356 2154 venerat¹
373 2112 436 2154 oum
465 2094 606 2153 mandatis
634 2101 664 2152 et
690 2093 857 2152 muneribus
882 2094 919 2152 ad
941 2095 1072 2154 Vestram
1094 2097 1163 2155 Illu-

35 2199 181 2258 strissimam
198 2201 418 2272 (lenitudinem,
439 2199 509 2276 quin
530 2199 622 2258 habeo
641 2199 828 2258 illustrissimi
848 2216 962 2272 quoque
980 2199 1061 2260 ducis
1076 2201 1164 2261 Prus-

35 2305 74 2362 sie
91 2308 223 2378 legatum.
265 2307 326 2365 Has
346 2307 491 2380 praemitto
512 2323 566 2379 per
586 2306 712 2378 equitem
734 2304 880 2364 linarium
901 2321 1005 2382 nsque,
1026 2291 1111 2378 unde,
1133 2289 1166 2366 ut

34 2425 114 2481 spero,
133 2413 298 2471 mittentur.
338 2412 402 2483 Ego
422 2427 479 2469 uon
500 2427 615 2484 possum
636 2410 765 2482 celerare
787 2427 843 2468 non
865 2409 949 2468 modo
974 2417 1093 2495 propter
1110 2401 1165 2468 'im-

34 2513 180 2583 pedimenta
188 2515 209 2587 ⁴,
232 2533 298 2590 quae
318 2533 428 2575 meeum
443 2515 516 2575 veho
531 2515 616 2574 homo
631 2532 728 2585 senex,
749 2515 801 2574 sed
822 2513 1002 2588 quiahabeo
1023 2513 1059 2572 ad
1080 2531 1164 2588 quos·

34 2615 84 2676 dum
101 2619 309 2679 illustrissimos
330 2619 491 2678 Germaniae
511 2620 656 2691 principes
681 2618 717 2677 ab
746 2619 846 2676 eodem
876 2619 1059 2676 serenissimo
1079 2617 1165 2676 Polo·

33 2737 116 2781 norum
127 2741 197 2796 rege
217 2725 363 2782 mandata.
396 2724 570 2783 Commendo
585 2741 630 2782 me
647 2725 851 2790 illustrissimae
869 2721 1040 2782 celsitudini
1051 2722 1163 2780 Vastrae

33 2835 193 2887 reverenter.
235 2829 325 2887 Pater
352 2829 479 2887 eoelestis
506 2835 612 2902 augeat
637 2829 680 2886 illi
710 2835 739 2888 et
760 2831 813 2888 toti
834 2833 939 2886 sauotae
957 2825 1079 2886 ·iamiliae
1099 2843 1166 2886 suos

34 2928 125 2989 divinos
144 2933 309 2999 thesauros,
330 2932 458 3002 spiritum
481 2937 511 2988 et
530 2929 616 2990 fidem
635 2947 687 3004 per
705 2930 848 2989 Christum
863 2931 1007 2990 dominum
1022 2937 1161 2990 nostrum.

77 3031 213 3104 Ejusdem
235 3033 440 3093 illustrissima
462 3031 646 3090 Gelsitudiuis
670 3032 779 3090 Vestrae
800 3038 922 3096 servitor
943 3037 1095 3094 exanimo

691 3139 693 3142 ’
919 3138 1086 3210 Vergerius.

569 3403 615 3459 91.

328 3520 450 3608 Verger
473 3545 516 3587 an
538 3523 655 3608 herzog
678 3522 861 3606 Christoph.

89 3649 163 3707 Ohne
182 3653 284 3706 datum
302 3651 358 3704 und
378 3654 435 3716 ort3
454 3650 520 3706 muli
540 3652 662 3722 aufaugs
676 3653 733 3707 Mai
754 3653 821 3706 1560
841 3649 1023 3720 gesohrieben
1041 3652 1110 3717 sein,
1130 3653 1167 3708 da

34 3745 104 3799 erim
121 3747 178 3804 Mai
197 3749 228 3801 in
248 3745 384 3802 Wildbad
402 3749 556 3818 prdsenlirl
573 3749 676 3804 wurde.

88 3859 193 3928 Verger
211 3860 302 3915 bittet
320 3879 366 3916 um
385 3861 447 3917 eine
465 3861 647 3931 empfehluug
673 3860 716 3916 fiir
742 3860 838 3916 seinen
861 3859 955 3914 neffen
974 3861 1106 3916 Aurelius
1130 3879 1167 3916 au

34 3949 74 4005 den
91 3955 175 4028 kdnig
196 3975 251 4012 von
270 3957 404 4020 Bdhmen,
426 3957 565 4012 domitet
584 3957 614 4010 in
634 3956 717 4012 Wien
736 3955 877 4010 studieren
896 3955 998 4011 ludune.

584 4083 599 4117 ’l‘

90 4157 255 4300 111111.
276 4159 319 4299 11
355 4247 461 4317 Verger
480 4264 538 4300 war
556 4246 600 4300 hei
620 4245 749 4300 Radaivil
767 4245 797 4298 iu
820 4244 913 4300 Wilna
932 4261 1067 4315 genesen.

91 4330 275 4386 3Balthasar
296 4331 419 4387 hewald.

92 4417 228 4488 tier-ger
247 4419 366 4474 brachie
385 4420 448 4474 dem
467 4421 570 4490 herzog
589 4420 767 4474 bedenteude
785 4417 943 4486 geseheulre
957 4418 1016 4483 mit,
1037 4436 1058 4472 s.
1072 4415 1110 4472 br,
1126 4417 1168 4472 93.
