2830 5072
71 352 130 405 asoa
605 361 665 420 335

66 526 166 598 ploravi
188 525 369 586 dominorum
390 528 539 586 consulum
561 525 796 586 Lindaviensium
821 544 905 600 opens
933 537 1020 603 atque
1048 532 1209 606 consilium,

65 629 156 700 quiin
176 646 288 688 summa
308 630 531 702 respondebant,
554 632 633 689 nullo
654 631 739 690 medo
760 647 823 690 esse
837 632 904 688 mibi
919 634 1012 705 palam
1027 636 1208 708 veniendum,

65 734 110 790 sad
130 735 291 793 clanculum
314 745 343 794 et
364 735 453 794 veluti
474 742 659 808 personatum
681 737 720 811 (si
742 736 826 795 otredo
848 737 951 794 vellem
973 741 1110 813 transire,
1133 742 1209 815 qued

64 845 91 896 et
110 855 165 896 nou
188 841 334 898 audebant
356 840 536 916 consulere);
558 858 619 898 rem
643 840 718 898 enim
741 857 797 899 aron
818 857 917 900 carere
939 845 1207 918 magnopericu103

63 942 173 1000 taudem
195 961 248 1016 per
270 947 305 1002 10
326 946 388 1004 dies
401 945 525 1012 substiti,
546 962 650 1016 rogans
669 945 770 1016 Deum,
792 952 823 1003 ut
844 947 911 1004 milri
933 947 1037 1006 bonum
1058 950 1206 1008 corrsilium

64 1054 240 1119 suggereret,
261 1057 432 1121 exspectaus
451 1050 567 1107 iuterim
588 1049 713 1122 aliquem
729 1049 922 1107 cautissimum
940 1062 1136 1125 mercatorem,
1159 1055 1208 1126 qui

62 1152 223 1222 Augustam
238 1153 340 1223 iverat,
361 1152 408 1210 eui
428 1153 523 1210 emula
544 1157 627 1208 erant
654 1151 759 1210 itinera
780 1151 895 1210 Curiam
923 1171 1011 1226 usque
1041 1157 1208 1228 compertis-

61 1255 133 1312 sima.
167 1256 264 1327 Quare
285 1273 347 1312 cnm
369 1255 542 1326 advenisset,
564 1257 748 1314 mercatorias
769 1263 863 1314 vestes
878 1257 966 1329 indui,
989 1265 1019 1317 et
1034 1259 1096 1330 sine
1112 1277 1207 1333 curru,
1257 1247 1259 1250 ¹

60 1375 139 1432 quern
158 1359 294 1418 Lindavii
314 1360 428 1433 reliqui,
449 1361 507 1418 iter
528 1377 602 1434 equo
622 1361 778 1432 ingressus,
799 1363 885 1420 misso
906 1379 970 1422 mee
990 1361 1133 1422 famulitio
1154 1380 1207 1438 per

60 1463 231 1533 Helvetium,
252 1465 281 1521 in
303 1465 357 1522 Dei
379 1465 493 1522 nomine
515 1465 643 1536 periculo
665 1481 710 1522 me
732 1466 865 1538 exposui3
897 1467 1016 1526 transivi
1044 1470 1120 1526 enim
1146 1467 1206 1526 fere

59 1585 108 1639 per
130 1571 190 1625 100
210 1584 309 1639 passus
330 1573 397 1626 aute
423 1575 536 1640 portam
564 1571 651 1628 castri
672 1569 775 1642 Empe,
805 1569 909 1628 deiude
937 1588 989 1643 per
1010 1575 1027 1628 2
1049 1572 1135 1632 boras
1155 1589 1207 1645 per

59 1673 118 1743 ejus
138 1671 298 1743 ditionem,
320 1673 425 1730 deiude
446 1689 498 1743 per
518 1673 750 1742 Feldlrirchium‚
777 1675 929 1746 salvusque
950 1681 1037 1748 atque
1059 1677 1207 1734 incolumis

60 1774 176 1833 Curiam
199 1776 279 1846 potui
300 1777 453 1847 pervenire
474 1775 511 1834 ad
533 1777 649 1834 landem
669 1776 739 1846 Dei,
773 1779 817 1834 cui
845 1778 882 1834 sit
904 1777 995 1836 bonor
1017 1786 1046 1836 et
1066 1781 1158 1852 gloria
1178 1781 1206 1838 in

59 1879 161 1938 secula.

134 1985 253 2043 Summo
281 1984 396 2057 quidem
425 1985 530 2056 gaudie
551 1983 592 2040 fui
613 1989 750 2055 exceptus
770 2001 787 2042 a
808 1984 1036 2057 burgimagistris
1061 1993 1148 2061 atque
1170 1988 1205 2047 ab

57 2089 242 2147 ecclesiarum
263 2089 400 2147 ministris
421 2096 451 2148 et
471 2089 590 2162 reliquis
611 2087 765 2160 fratribus,
788 2095 931 2163 tamquam
952 2097 1070 2163 ereptus
1091 2109 1108 2148 a
1129 2093 1205 2165 peri-

58 2192 120 2250 culo
142 2209 202 2250 nan
224 2193 368 2252 mediocri.
399 2193 554 2266 Incipimus
574 2193 689 2266 quidem
703 2210 764 2252 esse
778 2193 901 2265 solliciti,
923 2211 979 2266 qua
991 2195 1103 2254 ratione
1117 2195 1206 2257 luerit

56 2297 91 2354 ad
112 2297 248 2355 Vestram
270 2298 494 2356 Illustrissimam
523 2297 731 2356 celsitudinem
758 2299 956 2366 redeundum,
987 2301 1038 2358 sed
1066 2301 1205 2359 Dominus

56 2401 231 2471 providebit.

134 2506 209 2564 Oum
228 2507 380 2579 audissem,
403 2508 430 2566 d.
452 2508 614 2566 Mattheum
635 2507 825 2580 Gognetiam¹
845 2507 923 2582 regis
943 2508 1101 2568 Galliarum
1127 2511 1204 2584 lega·

55 2614 115 2666 tum
130 2611 304 2670 Salodurum
315 2614 343 2670 in
356 2613 519 2672 Helvetium
539 2613 658 2684 redisse,
680 2613 781 2686 scripsi
802 2615 898 2670 statim
920 2613 956 2670 ad
978 2631 1044 2670 eum
1065 2621 1095 2671 et
1115 2617 1202 2687 sigui·

55 2713 147 2788 ficari,
171 2733 215 2774 me
236 2718 406 2776 incolumem
428 2719 483 2776 buc
503 2719 623 2790 venisse,
646 2720 745 2792 rogavi
766 2720 862 2789 etiam,
884 2724 916 2776 at
936 2720 1044 2790 regine
1065 2721 1151 2776 matri
1172 2727 1202 2778 et

56 2818 239 2876 serenissime
253 2818 392 2876 Navarrae
412 2819 598 2890 significaret,
620 2837 665 2878 me
687 2837 749 2880 esse
772 2821 848 2894 apud
862 2822 979 2880 Rhaetos
1000 2828 1030 2879 et
1050 2822 1204 2894 diligenter

55 2928 237 2993 curaturum,
270 2940 306 2981 ne
326 2921 456 2982 fortassis
477 2925 531 2983 iste
552 2927 691 2984 transitus
712 2926 772 2984 sive
793 2942 893 2997 passus
913 2943 966 2998 per
985 2929 1125 3000 practicus
1147 2930 1203 2985 eri-

55 3033 191 3098 peretum
212 3038 278 3099 post
299 3043 366 3086 vero
388 3031 405 3084 4
420 3033 470 3086 aut
488 3033 505 3086 5
523 3028 584 3088 dies
599 3028 662 3104 (ubi
677 3029 787 3087 seilicet
801 3045 873 3086 mear
888 3033 1007 3090 sareinae
1021 3030 1204 3108 advenerint)
1270 3043 1282 3066 ·

54 3133 167 3190 mittam
188 3149 282 3190 oneum
298 3140 432 3206 nepotem
448 3134 477 3192 in
494 3134 626 3205 Galliam,
647 3151 699 3205 per
720 3151 803 3207 quem
826 3135 927 3194 eadem
947 3135 1077 3194 scribam.
1109 3138 1202 3208 Quan-

55 3241 117 3293 tum
139 3235 276 3295 hactenus
296 3237 433 3310 colligere
454 3255 577 3310 possum,
600 3239 812 3310 animadverte,
842 3240 1036 3298 illustrissime
1057 3241 1203 3315 Princeps,

54 3340 106 3397 bos
128 3341 474 3402 benostaetosminime
492 3360 679 3402 concessuros
700 3360 763 3402 esse
783 3345 869 3404 alteri
890 3362 1003 3416 passum
1027 3362 1077 3404 seu
1099 3349 1203 3404 trausi-

53 3449 127 3516 tum,
147 3462 232 3518 quam
252 3447 298 3504 vel
313 3447 463 3506 Gallorum
483 3451 546 3521 regi
566 3451 612 3506 vel
632 3450 836 3508 Illustrissimis
848 3450 1072 3510 Celsitudinibus
1083 3453 1202 3521 Vestris,

56 3565 122 3619 quae
142 3555 219 3608 certe
241 3552 287 3630 bic
313 3558 462 3624 amantur,
494 3559 524 3609 et
547 3554 650 3612 Vestra
672 3553 820 3613 Celsitnde
840 3557 998 3628 praecipue3
1030 3557 1081 3614 sed
1106 3563 1203 3614 tamen

54 3669 113 3710 uon
136 3660 178 3711 est
197 3655 402 3713 remittendum
424 3656 568 3728 quippiam
590 3657 626 3715 de
647 3657 806 3729 diligentia,
828 3659 895 3730 quia
916 3667 997 3716 satan
1013 3676 1069 3716 nort
1088 3660 1202 3732 dormit,

55 3764 85 3814 et
107 3759 242 3830 imprimis
256 3749 345 3834 Papa,
367 3763 416 3834 qui
438 3762 514 3820 haud
537 3762 624 3820 dubie
646 3779 748 3836 parum
768 3763 936 3835 religionem
959 3770 1049 3834 curat,
1071 3763 1122 3820 sed
1144 3754 1203 3821 ma-

54 3863 100 3932 gis
124 3870 154 3920 ut
172 3866 231 3922 suis
252 3865 405 3936 nepotibus
426 3871 456 3922 et
476 3865 687 3923 successoribus
708 3867 855 3939 relinquat
875 3871 968 3924 totum
983 3868 1056 3924 bunc
1070 3873 1202 3940 tractum,

54 3965 106 4038 qui
129 3974 171 4025 est
190 3986 207 4026 a
227 3969 292 4026 lacu
313 3968 481 4041 Brigantiae
503 3971 563 4028 sire
587 3971 762 4028 Constantiae
789 3987 879 4042 usqne
908 3971 946 4027 ad
972 3971 1064 4028 lacum
1085 3971 1202 4028 Larium

54 4085 110 4126 seu
132 4069 311 4146 Comensem,
333 4075 386 4132 boc
406 4076 528 4145 cogitat,
549 4075 615 4132 ideo
636 4079 705 4132 tunc
726 4074 839 4132 demum
861 4074 1016 4134 excanduit
1036 4081 1135 4133 contra
1156 4091 1201 4134 me

55 4182 86 4232 ct
109 4178 238 4260 quaesiuit
258 4177 294 4235 ad
316 4180 492 4252 martyrium,
514 4181 629 4253 quando
650 4179 861 4249 animadvertit,
883 4180 997 4239 meista
1012 4197 1064 4238 sua
1083 4181 1202 4241 cortsilia

578 4295 581 4302 .
620 4303 635 4336 *
705 4316 709 4326 ¹

134 4392 143 4442 l
163 4393 187 4447 S.
206 4411 232 4448 u.
255 4395 311 4448 122.
