2862 5080
71 359 132 414 nn
369 324 377 334 '
596 365 660 428 na

68 534 206 607 iujuriam,
235 533 466 610 quandoquidem
487 534 591 592 missus
611 533 649 592 sit
670 532 707 592 ab
726 534 790 609 ipso
805 533 1012 610 Hispaniarum
1032 551 1115 609 rege,
1145 553 1203 598 non

67 645 154 698 autem
173 655 191 696 ι
210 639 305 712 Papa,
334 638 548 712 conabaturque
575 637 689 696 amoliri
717 638 771 698 hoc
797 640 889 712 ipsum
917 645 1019 712 caput,
1048 639 1124 714 quod
1144 656 1202 700 nou

64 741 156 801 luisset
174 743 405 818 aPapamissus,
427 743 479 802 sed
498 743 673 816 aPhilippo.
705 743 768 814 Ego
786 758 846 808 ¹nou
866 745 948 816 potui
968 760 1024 802 nou
1046 742 1199 814 affirmare,

66 845 218 920 Philippum
238 848 354 921 quidem
376 847 490 906 dedisse
510 862 630 918 nomen,
652 846 699 922 (nt
718 845 846 922 videtur)
867 854 981 907 utrem
1002 849 1066 922 ejus
1087 848 1201 908 nomine
1258 860 1268 876 ·

64 948 216 1024 conficeret,
238 952 289 1010 sed
305 952 392 1026 Papae
412 968 515 1012 revera
534 950 692 1012 conficere:
721 951 794 1010 Nam
810 966 945 1025 quorsum
961 957 1099 1024 tentaret,
1113 951 1200 1025 Papae

64 1057 239 1116 autoritatem
260 1058 381 1118 dominis
401 1057 512 1116 eraetis
532 1055 709 1116 obtrudere?
731 1063 826 1116 tentat
847 1057 932 1130 euim,
953 1056 1083 1130 utPapae
1103 1057 1198 1128 liceat,
1255 1101 1258 1106 ,
1295 1035 1301 1046 ¹

63 1175 109 1230 per
126 1160 254 1222 dominos
266 1162 385 1221 Rhaetos
405 1163 547 1236 castigare
569 1179 628 1234 eos,
649 1163 698 1237 qui
718 1167 868 1222 versantes
887 1162 917 1218 in
942 1159 1056 1220 Rhaetia
1075 1165 1198 1235 peccaut

63 1263 235 1324 nihilominus
254 1265 286 1324 in
306 1266 394 1340 Papae
411 1266 644 1338 iurisdictionem
668 1272 699 1324 et
718 1269 900 1338 potestatem.
932 1265 1044 1324 Deinde
1064 1271 1195 1333 conatur,

62 1367 208 1428 obtrudere
229 1370 308 1429 aliud
329 1377 423 1444 eaput,
445 1377 477 1428 nt
498 1369 607 1428 seilicet
627 1369 713 1428 liceat
732 1368 875 1443 Philippo,
895 1370 1016 1428 militem
1030 1369 1197 1428 Mediolano

60 1474 86 1529 in
104 1473 284 1533 Germaniam
306 1477 440 1536 educere.
481 1475 620 1536 Dicebam
640 1491 710 1548 ego,
731 1491 766 1534 an
788 1491 845 1534 nou
866 1476 928 1536 haec
947 1492 1065 1548 prorsus
1085 1477 1122 1536 ιιι
1142 1476 1197 1536 Ρι-

60 1577 137 1648 pum?
177 1579 303 1639 Petebat
322 1582 351 1639 iu
372 1598 497 1654 summa,
528 1588 561 1640 ut
582 1589 699 1641 senatus
716 1580 834 1654 juberet
861 1595 907 1640 me
928 1581 1059 1641 exsulare
1080 1597 1117 1639 ex
1135 1587 1198 1642 tota

59 1680 172 1752 libatio,
194 1687 277 1760 quasi
297 1687 345 1760 qui
366 1703 498 1760 magnam
517 1687 653 1760 injuriam
673 1686 833 1746 intulissem
854 1701 905 1744 suo
931 1686 1002 1757 regi.
1035 1685 1128 1744 (lausa
1140 1684 1197 1744 fnit

59 1783 136 1844 biduo
156 1794 345 1855 eontractata,
366 1795 452 1862 atque
466 1791 508 1848 ita
521 1805 556 1846 ex
569 1805 655 1850 causa
668 1789 845 1848 dominorum
856 1789 1023 1848 Rhaetornm
1043 1787 1100 1848 fuit
1119 1788 1196 1850 facta

59 1904 114 1948 mea
133 1877 234 1964 causa3
261 1891 393 1952 diffidere
414 1895 489 1951 enim
509 1887 660 1952 videbatur
681 1892 844 1952 Verbeccos
864 1893 893 1950 in
913 1892 1038 1966 propriis
1064 1895 1195 1953 terminis

59 2009 161 2053 ιιιιιιι
181 2003 320 2058 tractare.
361 1998 394 2054 In
415 2015 524 2058 summa
544 2005 669 2066 senatus,
690 1999 739 2070 qui
759 2013 863 2071 magna
884 2015 921 2056 ex
941 2003 1023 2072 parte
1044 1996 1197 2056 constabat

58 2115 89 2156 ex
106 2100 157 2172 his,
178 2103 228 2175 qui
242 2101 376 2176 Philippo
386 2101 525 2175 faverent,
546 2104 638 2162 voluit
654 2103 762 2176 aliquid
778 2102 924 2160 Verbeeco
937 2101 1110 2172 condonare,
1132 2115 1195 2158 cum
1215 2095 1220 2106 '

56 2203 171 2262 noudum
192 2222 307 2265 causam
327 2209 418 2280 ipsam
437 2208 645 2279 intellexisset,
674 2207 931 2280 condemnavitque
953 2223 997 2266 me
1024 2207 1133 2280 ipsum,
1161 2211 1194 2264 ut

56 2305 186 2364 solverem
207 2310 386 2381 pecuniolam
407 2308 483 2386 [lere
503 2310 588 2369 XXV
608 2310 774 2386 coronatos)
803 2311 886 2384 cujus
911 2327 979 2384 pars
1004 2310 1043 2369 ad
1067 2311 1194 2384 legatam

55 2408 138 2480 ipsum
159 2411 318 2481 deveniret,
339 2429 406 2485 pars
425 2429 494 2471 uero
514 2413 551 2471 ad
573 2419 711 2472 senatum.
742 2413 805 2487 hlgo
822 2413 900 2470 trulla
920 2427 1001 2471 mora
1020 2412 1195 2485 interposita

55 2513 127 2586 solvi,
147 2515 289 2590 quidquid
308 2515 479 2588 petebatur,
505 2521 538 2574 ut
557 2515 670 2574 scilieet
689 2517 832 2590 placarem
853 2517 921 2575 mihi
943 2515 1057 2590 judices
1079 2515 1190 2592 (quam-

56 2632 131 2688 quam
150 2635 208 2678 uon
230 2624 327 2678 essent
346 2618 429 2695 irati)
450 2621 698 2694 ostenderemus,
719 2638 832 2680 causam
853 2623 895 2680 ita
914 2621 1087 2694 intelligere,
1109 2621 1191 2696 quasi

56 2718 86 2776 de
104 2721 193 2781 nihilo
221 2729 369 2794 ageretur.
411 2722 482 2780 Gom
509 2723 656 2782 solvissem
681 2725 881 2784 assistentibus
908 2726 978 2784 mihi
1004 2727 1086 2785 bouis
1112 2726 1190 2800 viris,

55 2826 97 2898 qui
117 2842 152 2884 ex
172 2828 268 2886 animo
288 2827 432 2900 favebant,
454 2829 572 2887 invitavi
592 2831 723 2901 protinus
744 2829 873 2888 dominos
890 2831 1012 2903 judices,
1033 2837 1066 2890 ut
1080 2847 1191 2890 mecum

53 2931 229 3005 pranderent,
251 2939 424 3006 acceperuut
443 2932 647 3000 conditionem,
668 2939 700 2990 et
717 2935 815 3006 pransi
837 2939 904 2992 sunt
925 2933 1190 3009 trigintaquinque

53 3034 173 3095 hilariter
193 3045 282 3112 atque
304 3038 391 3097 etiam
410 3038 498 3110 laute,
518 3055 622 3112 magna
642 3055 704 3096 cum
725 3039 842 3120 laetitia,
870 3037 1008 3112 additque
1029 3037 1190 3111 praecipuus

52 3142 141 3198 consul
162 3143 190 3201 d.
212 3143 381 3202 Ambrosius
401 3143 490 3201 Marti
511 3149 541 3201 et
561 3143 588 3202 d.
609 3143 736 3202 Ladame
758 3143 793 3201 de
815 3143 907 3216 Taua,
935 3151 1021 3218 atque
1041 3144 1083 3201 ita
1104 3142 1186 3202 abso-

53 3243 123 3304 lutus
143 3255 188 3308 est
208 3250 319 3324 primus
338 3255 420 3309 actus
440 3248 555 3308 fabulae.

121 3352 285 3412 Verbeocus
305 3354 403 3413 statim
430 3354 520 3412 abivit
544 3355 614 3414 satis
643 3354 765 3427 quidem,
779 3353 895 3413 sordide
917 3354 1128 3426 simulavitque,
1157 3367 1188 3410 se

51 3455 209 3530 hispaniam
231 3465 341 3532 petere.

120 3563 190 3622 Post
211 3564 284 3622 duos
305 3563 367 3622 dies
389 3579 455 3623 ecee
476 3563 558 3622 affuit
578 3581 615 3622 ex
636 3564 731 3624 Gellia
752 3543 865 3638 legatus
883 3565 975 3636 alius,
1006 3578 1109 3636 nempe
1130 3561 1190 3621 Le·

52 3666 135 3726 verier
155 3669 289 3742 quidum,
317 3671 362 3727 vir
382 3669 496 3743 quidem
519 3687 574 3730 non
596 3670 691 3743 magni
713 3671 850 3742 nominis,
878 3670 929 3727 sed
949 3675 1046 3728 tamen
1068 3669 1186 3739 elegans

51 3773 77 3826 et
94 3771 204 3842 doctus,
237 3775 380 3846 coepitque
409 3775 445 3832 de
474 3775 527 3832 hac
555 3792 641 3834 causa
668 3792 815 3834 sermones
842 3769 974 3833 conferre
996 3789 1062 3831 eum
1082 3773 1136 3831 hoc
1157 3777 1187 3830 et

50 3872 101 3944 illo,
120 3884 149 3934 et
169 3895 274 3952 parare
294 3895 325 3938 se
345 3880 383 3938 ad
403 3879 496 3939 foedus
517 3881 721 3953 renovandum,
743 3881 819 3954 quod
841 3879 911 3938 lacit
930 3879 1054 3938 assidue.
1085 3878 1114 3960 Is
1126 3894 1185 3937 me·

50 3994 106 4038 eum
125 3985 185 4055 egit
212 3985 406 4045 amantissime
434 3986 595 4058 obtulitque
622 3988 725 4058 omnia,
751 4003 815 4059 quae
842 3985 963 4043 haberet
983 3985 1012 4042 in
1042 3991 1187 4056 promptu,

17 4097 20 4108 ’
50 4082 214 4161 dicebatque
236 4105 267 4146 se
288 4089 362 4147 velle
389 4089 530 4148 resarcire
558 4088 675 4161 domna,
706 4106 770 4162 qoae
796 4087 913 4148 fuissem
940 4103 1042 4160 passus
1067 4093 1188 4160 propter

49 4192 214 4250 sententiam
231 4191 362 4264 judicum
384 4199 414 4252 et
433 4209 537 4266 magua
557 4193 673 4264 quidem
694 4191 888 4250 sollicitudine
909 4191 963 4250 hoe
983 4191 1097 4263 agebat.
1128 4191 1185 4250 Re·

48 4297 137 4353 cusavi
158 4313 223 4370 ego,
240 4299 389 4372 quippiam
409 4299 483 4357 velle
504 4297 644 4371 accipere,
666 4298 719 4356 sed
738 4313 783 4356 me
804 4297 859 4354 hoc
879 4296 988 4368 egisse,
1009 4301 1042 4352 ot
1062 4293 1186 4352 serenis·

48 4396 111 4456 simo
131 4400 291 4461 Galliarum
311 4404 373 4475 regi
395 4401 601 4476 satisfacerem,
622 4417 799 4476 quacumque
817 4387 904 4462 ia're
924 4416 1056 4473 possem,
1078 4415 1124 4457 me
1150 4399 1185 4460 li·
