2830 5072
55 393 110 446 1561
574 395 633 454 301

117 565 302 624 Illustrissime
324 563 462 638 Princeps
483 571 513 624 et
534 563 655 622 Domine
676 562 798 620 Domine
820 560 1063 620 clementissime!

116 671 186 755 Heri¹
201 671 312 743 vesperi
334 670 430 742 accepi
452 669 488 727 ab
508 665 840 726 illustrissimoPrussiae
861 665 933 725 duce
954 667 1076 725 litteras.
1110 667 1180 741 Agit

51 774 150 846 quidem
170 791 279 832 mecum
306 773 451 832 nonnullis
478 771 545 830 aliis
571 771 607 829 de
637 771 741 842 rebus,
773 769 825 828 sed
852 769 969 829 iuterim
997 770 1180 829 commendat

50 877 107 935 nihi
134 879 202 936 duos
232 879 431 938 adolescentes
452 877 481 948 ¹,
517 877 673 935 consiliarii
706 875 750 932 sui
782 873 869 946 lilios,
901 873 955 932 huc
982 875 1083 934 missos
1115 891 1180 933 cum

50 982 197 1055 padagogo,
219 989 252 1040 ut
272 983 377 1040 litteris
399 981 469 1040 dent
490 995 616 1053 operam.
654 979 720 1037 Non
741 979 830 1036 deero
851 977 908 1036 illis
930 977 1062 1038 omnibus
1083 981 1111 1036 lu
1133 996 1179 1038 re-

50 1086 108 1155 bus,
137 1087 164 1144 iu
194 1087 296 1160 quibus
326 1091 437 1160 potero.
488 1085 552 1144 Scio
583 1085 674 1154 enim,
702 1099 747 1142 me
776 1083 982 1142 lllustrissimae
1009 1082 1180 1142 Oelsiludini

50 1190 227 1250 lustrarem
248 1197 360 1264 gratam
382 1189 539 1260 iacturum,
561 1203 617 1248 nou
639 1188 724 1246 modo
744 1187 937 1247 illustrissimo
958 1187 1084 1246 Prussiae
1104 1189 1179 1248 duci.

112 1296 207 1368 Spero,
229 1299 284 1355 hac
300 1297 461 1368 septimana
477 1309 681 1354 amanuensem
702 1293 909 1364 absoluturum,
932 1309 995 1366 quae
1016 1291 1128 1365 collegi,
1151 1301 1181 1352 et

48 1416 100 1470 que
119 1401 218 1473 scripsi
238 1403 267 1458 in
288 1399 409 1459 thermis
429 1397 682 1472 Gbppiugeusibus
708 1397 744 1456 de
765 1396 918 1456 concili0¹.
959 1397 1061 1456 Statim
1083 1403 1180 1456 autem

47 1519 164 1576 cuperem
185 1512 303 1578 egomet
318 1505 354 1563 ad
364 1505 498 1562 Vestram
515 1497 740 1562 llluetrissimam
756 1501 973 1574 Oelsitudinem,
994 1507 1027 1560 ut
1048 1501 1180 1575 quedam

47 1610 119 1666 ctiam
133 1615 304 1668 reverenter
316 1608 484 1680 conferrem,
507 1613 617 1666 tantum
634 1607 772 1680 supplico,
795 1612 827 1664 ut
847 1606 983 1680 dignetur
1003 1607 1072 1666 mibi
1093 1605 1181 1680 signi·

46 1711 128 1786 ficare,
149 1731 218 1772 num
234 1713 311 1772 domi
326 1711 424 1772 lutura
444 1713 482 1770 sit
502 1720 532 1771 et
552 1711 700 1770 vacaverit
720 1711 762 1768 illi
783 1726 827 1769 me
849 1711 960 1778 audire,
982 1727 1034 1783 pro
1056 1727 1108 1770 sua
1125 1711 1182 1771 cle-

47 1819 147 1890 mentia,
169 1835 223 1890 per
245 1834 329 1876 onam
350 1817 490 1876 duntaxat
511 1814 619 1874 horam.

111 1923 172 1994 Ego
193 1939 248 1994 per
274 1922 328 1979 Dei
349 1921 470 1994 gratiam
492 1920 639 1992 aliquanto
661 1919 763 1977 melius
783 1917 891 1989 babeo3
912 1917 1084 1990 profuerunt
1105 1921 1180 1978 errim

46 2027 223 2094 proculdubio
244 2026 372 2093 thermae,
394 2025 556 2096 praesertim
571 2025 725 2082 stomacho.
757 2023 908 2082 Laudatur
922 2023 1010 2082 Deus.
1038 2023 1102 2097 Ego
1124 2041 1180 2082 uon

43 2129 115 2186 allam
135 2131 172 2189 nb
195 2146 309 2188 causam
330 2147 391 2188 snm
412 2135 568 2201 utcumque
589 2127 729 2186 sollicitus
750 2126 786 2184 de
798 2126 963 2186 valetudine
984 2129 1183 2200 recuperanda

45 2233 73 2306 (si
91 2234 168 2294 Deus
197 2232 356 2308 voluerit),
387 2234 442 2290 nisi
468 2239 500 2289 ut
527 2233 632 2304 possim
657 2247 710 2302 pro
737 2230 813 2288 virili
841 2247 906 2288 mea
932 2237 1015 2304 parte
1040 2233 1181 2290 inservire

44 2340 161 2398 ecclesia
194 2338 311 2398 Christi.
360 2335 535 2396 Commendo
566 2353 610 2394 me
638 2342 807 2395 reverenter
833 2336 946 2393 Vestrae
978 2335 1182 2395 Illustrissimae

43 2440 216 2503 Oclsitudini.
249 2443 382 2502 Ooelestis
403 2441 491 2500 Pater
507 2445 613 2512 augeat
633 2439 676 2498 illi
696 2456 764 2498 sucus
785 2440 896 2498 divinos
916 2441 1077 2511 thesauros,
1098 2442 1182 2513 spirl-

43 2553 94 2604 tum
114 2555 144 2608 et
164 2549 253 2622 fidem
275 2564 327 2620 per
348 2545 494 2606 Christum
514 2545 659 2604 domiuum
680 2549 817 2603 nostrum.

110 2653 221 2712 Datum
241 2651 380 2722 Tubiugae
401 2649 448 2708 die
469 2649 507 2708 22
528 2649 662 2708 Octobris
682 2663 757 2706 anno
781 2648 865 2706 1561.

263 2753 466 2814 Illustrissimae
487 2752 673 2812 Oelsitudiuis
695 2753 806 2810 Vestrae
825 2753 949 2812 servitor

939 2856 1103 2930 Vergerius.

92 2964 212 3021 'Hinten
231 2981 286 3020 von
305 2964 353 3018 des
371 2961 486 3032 herzogs
504 2961 596 3018 band:

104 3051 282 3122 belaugendt
301 3051 346 3104 die
365 3051 381 3104 2
396 3051 486 3120 junge
504 3050 622 3104 Preueen
642 3049 731 3104 sollen
749 3066 798 3117 sye
815 3046 869 3117 bey
882 3048 931 3104 der
943 3047 1048 3104 sehuell
1067 3049 1095 3104 iu
1115 3051 1183 3106 mei·

41 3155 99 3192 nem
118 3141 217 3194 schntu
236 3137 414 3214 undschirm
433 3137 506 3201 seim

104 3245 168 3282 wan
187 3245 217 3282 er
236 3245 268 3280 nu
287 3225 340 3278 mir
359 3225 431 3289 will,
460 3224 561 3278 wirdet
586 3241 615 3279 er
639 3223 714 3277 mich
733 3223 782 3277 bill
803 3224 932 3294 dinstag‚
962 3241 992 3278 so
1011 3225 1061 3278 das
1079 3223 1114 3278 isl
1135 3225 1184 3280 das

41 3313 137 3370 festum
157 3314 278 3369 Simonis
298 3317 327 3367 et
346 3313 426 3376 Jude,
446 3313 521 3367 albie
541 3331 572 3365 uu
592 3311 699 3366 abeudt
717 3312 825 3375 findam

106 3403 157 3460 das
175 3403 229 3456 ime
249 3401 299 3460 das
317 3401 387 3454 badt
408 3399 461 3455 wol
479 3399 646 3462 behhumbt,
666 3399 732 3452 here
752 3399 798 3454 ich
817 3415 894 3468 geru.

585 3633 647 3686 133.

341 3757 463 3845 Verger
491 3782 531 3822 an
557 3760 674 3844 herzog
697 3756 883 3842 Christoph.

381 3892 531 3965 Tttbingen
554 3895 590 3950 23
613 3875 738 3950 October
761 3867 845 3947 lbltl.

112 4013 206 4069 Daulrt
232 4014 277 4068 fur
302 4014 348 4068 ein
377 4014 518 4084 geschenk
544 4029 598 4068 von
625 4013 675 4067 lOO
694 4011 720 4065 fl.
755 3998 831 4065 Uber
858 4009 903 4064 die
928 4009 1115 4080 forderuugen
1139 4012 1187 4066 des

606 4111 622 4144 ss

113 4189 265 4259 lVergers
282 4191 406 4244 antwort
425 4189 476 4244 aul
491 4189 544 4243 den
564 4187 640 4242 brief
656 4187 703 4241 des
721 4186 836 4256 hemogs
856 4202 911 4240 von
923 4184 1051 4240 Preulleu
1069 4185 1106 4238 iet
1125 4202 1188 4238 vom

40 4274 74 4326 28
94 4275 212 4330 October
233 4276 310 4330 1561.
348 4275 399 4330 Die
418 4275 517 4330 beiden
533 4275 684 4346 jiinglinge
709 4290 804 4329 waren
831 4271 929 4340 graleu
955 4289 1006 4326 von
1028 4271 1137 4334 Nostis,
1166 4289 1187 4326 s.

41 4360 109 4414 Sixt
129 4363 220 4417 nloff.
258 4362 284 4416 S.
304 4362 344 4417 br.
366 4364 425 4418 164.

118 4450 174 4504 28.
192 4470 219 4506 u.
243 4451 299 4506 128.
