2852 5076
61 362 117 417 rssr
152 347 155 353 ’
578 365 635 424 141

57 534 149 593 vellent
167 535 296 602 coerceri,
317 532 369 592 sed
389 547 489 592 rursus
512 547 615 606 magna
635 549 698 591 cum
714 533 817 592 laetitia
830 531 980 604 bonorum,
1001 533 1050 603 qui
1070 530 1182 590 nollent

57 638 186 698 ecclesium
205 637 310 697 Christi
330 637 406 697 inlici
427 639 524 711 pruris
545 637 727 710 opinionibus
747 642 834 712 atque
854 635 944 696 libris.

122 743 179 801 Non
199 743 306 815 dubito,
328 743 397 817 quin
419 741 569 802 celsitudo
593 741 696 802 Vestra
717 743 894 810 meminerit,
924 755 970 798 me
998 745 1065 798 ante
1094 757 1181 798 orrum

57 863 144 904 ennom
163 847 275 920 petiisse
296 847 333 906 eb
356 864 391 906 es
411 853 441 905 et
461 849 634 920 impetrasse
656 848 758 920 etism,
786 853 818 905 ut
840 845 1008 920 dignaretur
1027 845 1181 905 admittere

58 952 80 1006 in
97 953 151 1024 ejus
177 953 309 1011 ducatum
337 969 371 1010 ac
397 951 544 1024 suscipere
576 953 603 1008 in
631 952 840 1025 protectionem
870 951 897 1010 d.
919 949 1029 1010 Julium
1049 951 1182 1010 comitem

61 1054 176 1114 albiene
190 1055 370 1116 vicentinum
382 1055 399 1128 ¹,
414 1056 463 1128 qui
478 1054 665 1128 prandebat,
686 1071 716 1114 se
731 1055 847 1114 tandem
863 1071 921 1114 non
941 1071 1025 1126 posse
1047 1057 1075 1114 in
1097 1055 1183 1114 Itelia

60 1160 192 1218 consistere
212 1162 292 1220 salva
312 1161 488 1220 conscientia
509 1165 539 1219 et
559 1159 633 1230 rita;
655 1177 719 1220 nem
734 1167 784 1220 aut
799 1161 932 1234 neganda
947 1157 1049 1220 luisset
1062 1167 1183 1234 propter

58 1264 214 1335 tyrannidem
241 1267 329 1340 Papae
356 1281 425 1325 vera
453 1266 524 1324 Jesu
545 1264 653 1324 Christi
681 1265 831 1338 doctrina,
862 1271 913 1324 eut
943 1263 1124 1324 moriendum
1151 1266 1180 1322 in

57 1384 151 1428 carcere
171 1376 219 1430 aut
239 1369 316 1430 forte
337 1373 424 1430 etiam
444 1371 473 1428 in
501 1373 576 1444 igue.
617 1369 703 1428 Nunc
728 1373 826 1446 itaque
853 1375 1024 1430 reverenter
1052 1368 1181 1444 significo

57 1471 205 1534 delsitudini
215 1477 339 1547 Vestrae,
355 1479 446 1550 ipsum
462 1475 489 1534 d.
509 1477 643 1536 comitem
663 1476 824 1547 advenisse,
845 1481 933 1550 atque
955 1491 1017 1536 esse
1039 1474 1115 1550 apud
1137 1491 1181 1534 me

57 1580 79 1635 in
96 1582 158 1638 meis
178 1582 303 1654 aedibus,
332 1583 423 1641 rirurn
444 1582 544 1654 procul
565 1581 652 1640 dubio
673 1581 812 1655 singulari
832 1583 941 1655 pietate
963 1587 993 1639 et
1012 1581 1182 1640 constantis.

57 1683 127 1754 Optat
145 1687 244 1744 mirum
268 1687 295 1744 in
318 1687 434 1746 modum
456 1689 580 1746 oseulari
601 1703 716 1748 menum
738 1687 941 1746 illustrissima
969 1685 1180 1746 Dominotionis

56 1789 155 1862 lestrae,
176 1809 265 1864 quare
286 1798 337 1852 aut
357 1793 403 1852 hio
423 1792 602 1866 exspectabit
622 1809 725 1866 magno
743 1809 807 1852 cum
822 1790 967 1852 desiderio
980 1791 1115 1851 Vestrum
1136 1807 1182 1850 re-

56 1893 141 1967 ditum,
165 1901 214 1954 ant
234 1895 311 1954 forte
333 1899 419 1956 etiarn
440 1897 515 1956 istuc
535 1913 646 1957 mecum
667 1897 781 1968 reniet,
810 1897 833 1954 si
861 1893 1039 1966 advocabor3
1070 1897 1183 1955 interea

56 1997 212 2056 commendat
232 2015 266 2056 se
287 2005 463 2058 reverenter.

116 2101 308 2161 illustrissime
329 2102 483 2187 Princeps!
514 2107 599 2174 urget
619 2119 664 2162 me
686 2101 879 2172 conscientie,
912 2105 944 2158 ut
965 2099 1057 2159 libere
1079 2100 1182 2170 dicam,

56 2218 89 2260 ne
106 2204 131 2260 in
151 2205 201 2264 hc'c
221 2205 329 2263 itinere
350 2205 441 2262 multa
463 2205 574 2263 novisse
596 2205 632 2262 de
648 2204 675 2262 d.
692 2201 861 2276 Gribuldo’,
883 2220 946 2278 quae
966 2205 1132 2277 ignorabam
1153 2211 1184 2264 et

56 2323 104 2376 que
121 2324 162 2366 mc
182 2309 270 2380 plane
290 2307 504 2382 confirmarunt,
525 2310 605 2367 illum
620 2325 683 2368 esse
699 2305 842 2381 aliquibus
856 2309 988 2382 pessimis
1000 2309 1183 2382 opinionibus

55 2407 178 2482 iniectum,
199 2411 444 2486 quemadmodum
465 2413 512 2471 die
534 2412 575 2470 XI
596 2413 736 2485 praeteriti
759 2414 864 2470 mensis
882 2413 1007 2486 memini,
1025 2430 1074 2472 me
1092 2413 1181 2473 Celsi·

55 2513 129 2572 tudini
155 2517 267 2575 Vestrae
296 2515 451 2590 thpingae
481 2515 510 2573 in
537 2514 621 2574 horto
652 2516 774 2588 dixisse;
790 2515 900 2574 ‘corum
931 2515 1060 2590 pluribus
1090 2534 1182 2590 agero,

56 2633 114 2678 rinno
131 2627 243 2679 tantum
264 2621 404 2694 dixerim,
435 2622 572 2694 plurimos
598 2620 721 2678 clamare
750 2627 779 2677 ct
810 2619 891 2692 queri
917 2628 1018 2680 contro
1046 2623 1126 2680 illum
1155 2630 1185 2682 et

56 2723 212 2788 verissimum
233 2741 306 2796 esse,
327 2725 504 2782 verissimum
526 2724 650 2796 inquom,
673 2721 748 2794 quod
770 2739 857 2782 novas
879 2730 907 2782 ct
927 2725 1183 2796 perniciosissimas

56 2829 183 2898 opiniones
206 2833 283 2901 alat;
305 2830 411 2890 amicus
432 2828 525 2898 Plato,
547 2829 655 2885 amicus
677 2827 822 2900 Socrates,
844 2829 933 2900 magis
954 2829 1046 2888 amica
1066 2815 1182 2892 veritas.

56 2930 109 2990 ldco
128 2953 180 2994 non
210 2937 292 3010 potui
321 2953 394 2992 nunc
421 2949 541 3005 parcere
566 2934 657 2992 amico
686 2951 756 2992 meo.
799 2933 968 2991 Monueram
998 2937 1084 2994 etiam
1114 2943 1182 2994 ante

55 3053 140 3097 anirum
161 3043 188 3099 d.
212 3040 362 3098 Brentiurn
392 3056 427 3097 ea
453 3039 489 3096 cic
517 3055 565 3107 re,
597 3039 702 3096 deinde
734 3039 821 3098 etiam
850 3039 1056 3110 Beurlinum⁸;
1088 3058 1183 3115 neque

57 3142 116 3198 enirn
139 3146 255 3215 placent
282 3141 351 3200 mihi
378 3143 445 3213 isti,
477 3142 524 3214 qui
553 3141 629 3198 intra
657 3146 750 3199 certus
778 3148 868 3200 metas
889 3159 907 3200 a
927 3146 1033 3202 sanctis
1053 3145 1182 3204 ecclesiis

56 3249 208 3308 constitutas
230 3249 388 3306 consistere
410 3253 553 3304 recusant.
851 3253 853 3258 '

122 3351 254 3411 Sustineo
276 3351 359 3410 nimis
380 3365 482 3423 graves
510 3351 590 3422 (meis
619 3351 733 3423 quidem
762 3349 904 3427 humeris)
931 3360 1079 3426 sumptae,
1109 3363 1186 3428 post-

58 3469 125 3522 quam
145 3473 160 3514 e
177 3457 297 3515 Polonia
317 3455 409 3526 redii;
439 3463 505 3514 sunt
527 3457 602 3513 enim
622 3456 690 3512 mihi
713 3455 766 3513 Vll
787 3458 853 3529 equi
875 3455 965 3529 domi,
987 3474 1058 3530 quos
1079 3461 1134 3533 alo,
1157 3468 1187 3518 et

604 3581 620 3614 it

114 3620 207 3690 lVgl.
228 3639 257 3674 n.
275 3623 316 3675 36.

114 3707 171 3763 28.
190 3709 277 3785 bru.
296 3710 338 3764 38.

115 3795 130 3846 3
147 3796 236 3852 Jakob
249 3795 372 3860 Beurliu,
391 3795 454 3866 geb.
468 3795 535 3850 1522
544 3827 545 3830 =
554 3796 584 3849 iu
599 3796 779 3852 Dornslctten
793 3797 1028 3870 (Schwarzwald),
1050 3800 1104 3856 seit
1119 3803 1186 3857 1555

59 3876 139 3936 doctor
154 3887 209 3940 und
222 3885 361 3955 professor
375 3885 425 3938 der
439 3883 581 3955 theologie
595 3883 624 3937 iu
634 3883 792 3955 Tiibingen,
814 3886 879 3939 1561
895 3888 993 3956 propst
1005 3889 1064 3944 und
1075 3890 1187 3946 canulas

59 3963 177 4036 duselbet,
196 3972 387 4028 bedentender
406 3971 552 4042 theologe,
577 3989 632 4028 von
652 3972 754 4042 herzog
773 3973 922 4042 Christoph
941 3975 1062 4030 vieilach
1080 3995 1113 4030 zu
1140 3995 1187 4045 ge·

59 4057 264 4124 saudtschniten,
274 4061 348 4115 nach
359 4060 463 4124 Trient,
475 4059 585 4113 Wornrs
596 4061 671 4123 1557,
685 4060 779 4114 Erfurt
791 4063 856 4114 1561
867 4061 923 4115 und
933 4061 1027 4130 Poissy
1039 4064 1113 4128 1561,
1128 4081 1187 4119 ver·

60 4145 165 4209 neuneu
183 4150 285 4218 herzog
300 4149 450 4218 Christoph
466 4151 571 4202 nunni-e
582 4148 897 4218 denausgezeichneten
917 4167 1001 4204 rnauu
1021 4168 1073 4203 nur
1092 4151 1187 4204 seinen

59 4225 145 4295 lichen,
161 4237 291 4305 getreueu
311 4237 402 4290 herru.
439 4237 508 4304 †‘28
528 4235 649 4290 October
671 4237 734 4290 1561
756 4237 786 4290 in
805 4236 882 4290 Paris
901 4254 939 4290 an
964 4238 1014 4291 der
1038 4240 1116 4306 pest,
1140 4238 1191 4292 eui

62 4313 102 4368 der
116 4321 177 4376 reise
196 4341 256 4376 zum
276 4323 444 4392 colloquium
464 4324 538 4378 nach
557 4324 660 4392 Poissy.
696 4324 724 4378 S.
744 4323 884 4388 Fisoblin,
904 4341 986 4378 mem.
1005 4326 1091 4379 theol.
1116 4324 1186 4378 Wir·

62 4402 135 4458 tenu.
151 4410 169 4474 l,
188 4413 220 4464 82
241 4412 268 4466 if.
306 4411 401 4476 Beuum,
423 4413 495 4466 Beue
514 4412 548 4474 ll,
568 4413 620 4466 420
639 4411 666 4464 ff.
