2830 5072
73 363 126 418 1⁵81
583 365 645 426 tta

68 538 135 609 parvi
153 535 291 596 momenti.
332 535 377 594 Sio
405 533 496 594 sentit
521 533 751 608 sapientissimus
778 549 867 593 senex
894 532 952 592 dnn
975 533 1122 608 Prassiae,
1153 552 1191 595 ne

68 640 244 700 serenissimus
263 657 315 700 rex
334 645 426 712 putet,
448 655 479 700 se
500 638 537 698 ab
557 639 758 698 illustrissimis
772 637 948 712 principibus
962 639 1192 711 protestantibus

68 747 199 804 contemni.
244 745 306 804 lloo
336 745 414 804 enim
443 751 531 818 ceput
562 750 615 802 eet.
645 743 876 816 ,illustrissimus
903 741 1052 802 Palatinus
1083 737 1193 804 elector
1304 771 1311 787 ·

68 849 123 907 mibi
146 850 272 922 dixerat,
302 866 333 910 se
361 850 435 910 velle
463 849 499 908 ad
524 848 749 908 illustrissimum
769 849 894 908 Prussiae
922 847 1022 908 ducem
1049 848 1192 910 bominem

67 955 172 1026 mittere,
192 957 299 1014 utinam
320 954 420 1014 beret!

130 1061 194 1120 Cum
215 1078 308 1135 nuper
328 1062 357 1120 in
378 1061 514 1120 Litnanio
535 1059 669 1132 fuissem,
691 1060 907 1119 serenissimum
927 1075 1036 1132 regem,
1056 1065 1193 1131 qnantum

68 1169 138 1238 potui,
157 1177 324 1227 reverenter
344 1168 413 1235 ursi,
435 1183 470 1226 ue
492 1166 613 1226 coneilio
629 1167 829 1235 assentiretur,
850 1167 910 1222 ursi
932 1163 1019 1222 atium
1033 1162 1193 1223 illustrissi-

67 1273 299 1346 mun'palatinum
321 1271 503 1344 Vilnensem,
537 1271 574 1330 ad
601 1287 686 1345 quem
714 1287 763 1330 eas
788 1269 901 1330 litteras
928 1268 1041 1342 scribo,
1073 1285 1193 1344 querum

66 1375 206 1448 exemplum
224 1377 308 1436 mitto
323 1375 341 1434 ¹.
448 1418 453 1426 «

127 1481 320 1540 illustrissime
341 1480 491 1540 Celsitudo
512 1481 617 1538 Vestra
638 1480 774 1552 dignetur
795 1480 974 1552 meminisse,
996 1495 1062 1538 nem
1082 1478 1195 1553 siquid

65 1584 124 1655 saio,
149 1583 239 1660 (qnod
265 1586 325 1650 seio
353 1585 542 1657 perexiguum
568 1584 646 1658 esse)
667 1585 696 1642 in
718 1585 840 1642 materia
860 1585 974 1643 aoncilii
994 1583 1070 1656 soio;
1103 1599 1196 1657 neque

65 1687 136 1748 deero
155 1691 182 1747 in
203 1706 240 1748 oa
260 1707 302 1760 re,
323 1689 435 1746 etiamsi
456 1689 516 1748 vito
535 1689 737 1762 profundenda
757 1688 796 1748 sit
810 1687 991 1762 protlbristo
1006 1706 1079 1748 meo.
1112 1687 1196 1748 (lom-

65 1791 149 1850 mendo
167 1808 212 1850 me
234 1797 404 1850 reverenter
423 1790 627 1850 illustrissimae
649 1790 820 1852 celsitudini
843 1791 971 1866 Vestra,
992 1794 1118 1876 coelestis
1139 1793 1195 1852 Pa·

64 1900 99 1951 ter
115 1903 215 1968 augeat
236 1896 281 1956 illi
301 1911 367 1954 suos
388 1895 499 1956 divinos
513 1895 674 1967 thesauros,
696 1897 828 1969 spiritum
845 1903 874 1956 et
888 1893 974 1956 iidem
987 1913 1040 1969 per
1053 1897 1196 1958 Christum

64 1998 190 2060 dominum
210 2007 351 2060 nostrum.

126 2106 266 2181 'lobingse
289 2108 323 2164 15
345 2105 478 2165 ianuarii
501 2109 584 2164 1561.

203 2211 408 2270 lllustrissimae
431 2209 618 2270 celsitudinis
639 2210 750 2270 Vestras
771 2212 1040 2271 observantissimus

950 2315 1117 2390 Vergerius.

119 2446 178 2501 Von
196 2447 247 2500 des
271 2446 388 2514 hernogs
413 2446 490 2500 hand
515 2445 619 2500 darauf
641 2444 808 2516 beigesetnt:
848 2445 896 2499 »D.
918 2445 1035 2500 Brenoio
1055 2463 1088 2498 nu
1106 2443 1197 2500 lemen

62 2533 108 2586 und
123 2551 153 2587 zu
172 2550 306 2604 ermegen
325 2532 444 2603 geben«.

593 2787 656 2848 109.

353 2919 477 3007 Verger
499 2943 542 2986 an
564 2921 685 3006 herzog
707 2919 893 3005 Christoph.

332 3127 334 3142 Ι
390 3053 541 3126 Tttbingen
565 3055 600 3110 19
622 3053 755 3111 Februav·
779 3055 863 3111 1561.

120 3159 309 3228 llbersehiolrt
336 3169 656 3242 einigevmanusoriptm
684 3168 808 3238 blindigt
832 3167 908 3224 seina
933 3165 1049 3235 baldige
1074 3164 1201 3222 anbunlt

61 3265 124 3323 baim
142 3270 247 3340 herzog
266 3285 318 3334 an;
336 3267 523 3324 naohriobten
541 3285 591 3323 aus
609 3266 792 3322 Frankreiob.

127 3365 328 3426 illustrissime
349 3367 489 3440 Princeps
510 3372 539 3424 et
560 3365 682 3424 Domine
704 3365 826 3424 Domine
849 3363 1091 3423 clementissime!

129 3472 234 3544 Audio,
251 3471 382 3530 Vestram
395 3471 620 3530 Illustris'simam
636 3470 844 3529 celsitudinem
865 3465 1062 3543 inpetriam'
1082 3466 1204 3526 rediisse

62 3572 224 3636 ineolumem
255 3576 322 3653 (per
356 3577 411 3635 Dei
446 3576 601 3652 gratiam),
637 3576 688 3634 sed
718 3576 829 3634 utinam
858 3573 946 3634 rebus
971 3590 1025 3648 pro
1058 3571 1206 3646 republica

63 3677 224 3756 obristiana,
246 3684 300 3742 hoe
321 3689 381 3755 est,
403 3683 560 3742 seeundum
582 3679 727 3740 Christum
748 3679 823 3739 hene
844 3680 942 3754 gestis.
984 3679 1087 3738 Statim
1108 3675 1212 3754 offois-¹

62 3799 123 3858 sem,
145 3789 194 3846 sed
216 3804 304 3860 cogor
324 3793 493 3860 exspectare
515 3803 713 3858 amanuenses,
735 3787 782 3859 qui
796 3783 970 3856 describunt,
993 3799 1056 3856 qnae
1071 3797 1126 3854 ego
1140 3786 1205 3854 post

63 3888 215 3962 evulgatam
236 3889 424 3950 indictionem
444 3891 558 3962 dictavi,
579 3889 688 3964 prodiit
709 3895 807 3946 autem
827 3895 893 3961 post
913 3889 989 3946 illius
1011 3887 1177 3946 discessum.

136 3995 254 4056 Veniam
275 3998 364 4070 igitur
385 3997 478 4080 ultera
499 3995 538 4070 (si
560 3995 638 4054 Dens
660 3994 797 4068 voluerit)
819 3995 993 4066 septimana,
1015 3991 1108 4050 habeo
1131 3989 1207 4049 enim

616 4137 631 4169 ἧς
683 4141 686 4145 ,

130 4249 141 4301 l
161 4248 243 4322 Liegt
261 4250 356 4306 niehts
374 4250 429 4305 bei.

130 4336 144 4388 2
162 4336 233 4394 Vom
252 4338 414 4409 furstemberg
426 4339 455 4394 iu
470 4337 645 4409 Nannnburg‚
665 4337 758 4393 mohin
773 4334 922 4404 Christopb
941 4334 993 4388 mit
1012 4331 1117 4398 seinenr
1135 4329 1207 4384 alte-

67 4420 125 4474 sten
141 4425 208 4480 sobn
226 4425 372 4481 Eberhard
391 4426 406 4479 7
425 4426 533 4482 ianuar
550 4424 657 4495 gereist
675 4442 741 4480 vvar.

945 4514 999 4568 17*
