2852 5076
58 369 114 426 tstt
581 375 639 436 143

121 547 170 603 Dei
192 547 287 618 grstia
314 544 537 617 Christophorus
557 543 623 600 Dux
643 540 865 614 wirtembergae
897 549 926 599 et
946 541 1056 600 'leociae
1077 541 1181 601 Comes

54 649 296 722 Montisbelllgardi
318 655 386 709 eto·
797 649 801 660 '

118 754 348 814 Redditaenobis
370 754 573 813 dominationis
595 759 652 810 tuae
673 757 740 810 sunt
761 751 882 819 litterae,
916 751 1073 824 exquibus
1101 759 1180 811 tuum

54 874 81 913 en
98 857 205 916 Rhatia
224 857 348 916 reditum
369 841 573 917 intelleximus.
606 855 745 928 Quodque
768 855 869 913 eedem
885 853 991 913 tultum
1015 859 1182 916 comitante

53 961 146 1020 Tliene
157 963 339 1021 Vieentinum
351 963 489 1036 Tubingae
505 964 532 1020 in
555 977 620 1020 sues
635 961 711 1019 sedes
726 961 894 1031 susceperit,
915 959 982 1018 boni
999 961 1181 1035 consulimus,

57 1085 120 1138 quem
134 1069 291 1127 dominatio
304 1076 354 1126 tua
364 1085 455 1143 usque
466 1068 503 1127 ad
514 1067 669 1127 adventum
680 1072 807 1124 nostrum
819 1081 916 1124 secum
927 1065 1055 1124 retinere
1065 1067 1181 1140 poterit.

121 1172 299 1232 contulimus
326 1187 440 1246 quoque
463 1189 525 1230 cum
547 1173 674 1230 electore
701 1171 852 1242 Palatino,
884 1169 999 1228 domino
1030 1187 1063 1230 ao
1087 1171 1177 1232 tratre

51 1283 141 1350 nostro,
161 1295 250 1352 super
270 1277 415 1349 legatione
436 1277 474 1336 ed
488 1293 586 1351 regem
602 1275 732 1338 Poloniae
741 1275 758 1332 ¹.
790 1275 861 1334 Gom
883 1293 951 1335 vero
972 1277 1113 1336 incertum
1135 1280 1180 1347 sit,

51 1397 119 1452 quam
137 1381 220 1440 brevi
236 1385 300 1442 hinc
313 1383 534 1452 abiturisimus,
545 1383 590 1442 vel
602 1381 688 1442 etiam
701 1379 859 1439 dominatio
870 1391 920 1438 tua
931 1381 1001 1440 satis
1012 1381 1041 1440 in
1052 1388 1181 1464 tempore

49 1485 168 1544 advenire
189 1490 299 1560 possit,
332 1489 491 1566 consultum
523 1488 606 1546 nolis
634 1489 743 1558 visum,
776 1493 808 1543 ut
828 1487 942 1544 interim
965 1485 1103 1560 Tubingae
1123 1495 1181 1546 tam

36 1569 89 1646 *din
113 1599 264 1665 expectet,
295 1593 387 1651 donec
414 1611 466 1650 nos
494 1594 608 1650 domum
634 1591 794 1650 redeamus.
838 1589 948 1649 lle'imlo
977 1593 1042 1663 post
1063 1593 1181 1652 Heidel-

49 1691 149 1767 bergam
170 1697 398 1756 dominationem
418 1705 496 1757 tuam
518 1715 580 1756 111111
602 1697 740 1768 deputato
762 1701 859 1753 nostro
881 1697 1122 1770 transmittemus,
1151 1707 1183 1757 ut

49 1815 94 1856 uria
112 1803 194 1860 simul
221 1819 308 1874 super
328 1803 517 1860 instructione
539 1808 569 1859 et
590 1803 734 1874 logatione
757 1806 843 1872 atque
866 1800 993 1860 discessu
1016 1809 1111 1860 vestro
1132 1804 1181 1862 de·

48 1903 169 1972 liberetis,
192 1921 230 1962 ne
252 1905 361 1964 diutins
381 1907 435 1964 lroc
455 1905 601 1978 negotium
623 1911 653 1964 et
674 1905 730 1963 iter
752 1898 880 1962 vestrnm'
899 1903 1060 1963 differatur.

114 2009 196 2080 Quod
208 2015 347 2092 ¹sumptus
368 2009 492 2069 absoluti
513 2013 555 2068 tui
572 2011 600 2068 in
611 2011 752 2068 Rlnetiam
765 2010 878 2067 itineris
890 2009 1003 2081 attinet,
1026 2013 1182 2084 cogitamus

48 2113 147 2172 eosdem
168 2113 360 2173 dominationi
380 2121 439 2172 tuae
460 2115 496 2173 de
519 2130 617 2173 mensa
637 2120 737 2172 nostra
757 2113 922 2172 restituere.

113 2219 181 2290 Quae
210 2219 247 2277 ad
275 2219 479 2278 dominationis
507 2225 565 2276 tuse
593 2218 707 2276 litteras
735 2217 779 2292 (ut
806 2219 852 2274 oui
878 2217 951 2276 bene
973 2219 1113 2295 cupimus)
1136 2237 1181 2279 re-

48 2322 175 2390 spondere
199 2323 350 2380 voluimus.
597 2393 603 2428 s

585 2604 631 2659 50.

339 2721 463 2809 Verger
486 2745 528 2788 an
550 2723 670 2808 herzog
692 2723 876 2808 Christoptc

380 2855 530 2928 Tubingen
553 2857 590 2912 24
612 2855 725 2928 August
748 2859 832 2916 1557.

104 2975 297 3030 Naohriohten
316 2973 384 3030 tiber
402 2967 556 3045 den'krieg
576 2975 605 3029 in
625 2975 737 3030 Italica,

107 3071 248 3126 Godruokl
270 3071 318 3126 bei
337 3069 440 3126 Lebret
457 3070 493 3134 ΙΙ,
511 3069 572 3124 254.

108 3167 161 3223 Das
177 3167 300 3238 original
318 3166 358 3220 im
377 3167 472 3222 archiv
491 3167 572 3221 nicht
590 3167 670 3224 mehr
689 3167 875 3223 aufaufinden.

112 3267 307 3326 illustrissime
330 3266 468 3338 Princeps
489 3273 518 3324 et
539 3267 661 3324 Domine
684 3267 805 3324 Domine
827 3267 1072 3326 Clementissime!

116 3372 218 3446 Accepi
240 3371 276 3430 ab
298 3370 383 3435 ltalia
403 3371 532 3441 litteras,
555 3371 658 3442 quibus
678 3369 782 3444 aliquis
803 3371 895 3430 bonus
915 3375 959 3430 vir·
979 3373 1096 3446 scribit,
1126 3373 1182 3432 Pa·

46 3488 102 3541 pam
122 3484 183 3548 post
209 3482 359 3547 acceptum
387 3474 516 3532 nuntium
542 3475 578 3532 de
607 3481 703 3547 strage
731 3473 872 3534 snnrum'
898 3483 1062 3549 correptum
1093 3477 1182 3536 fuisso

47 3574 120 3638 febre
142 3589 167 3640 ot
187 3580 350 3654 periculose
371 3580 553 3639 decumbere.
589 3581 669 3639 Dens
690 3581 773 3638 tollat
794 3595 829 3637 ex
849 3580 920 3639 orbe
941 3587 1084 3640 terrarum
1103 3579 1183 3640 illam

49 3687 149 3742 lautam
166 3693 289 3758 pestem,
319 3703 383 3742 nam
405 3667 534 3758 quantivis
554 3699 654 3742 omues
674 3701 755 3757 papae
775 3685 936 3756 sint'mali,
964 3685 1013 3744 ille
1035 3692 1115 3746 certe
1136 3703 1183 3746 re·
1205 3691 1207 3696 '

49 3784 133 3857 liquos
151 3791 301 3862 iniquitate
324 3796 354 3847 et
373 3789 547 3848 crudelitate
569 3795 695 3862 superat.
727 3788 845 3860 Septem
862 3791 968 3848 vexilla
982 3791 1183 3850 Helvetiorum
1249 3795 1263 3814 s

602 3892 617 3925 tlt

113 3995 126 4046 l
150 3997 183 4050 Zu
200 3997 288 4052 dieser
306 3995 519 4067 gesandtschaft
537 3995 701 4064 Christophs
720 3995 777 4048 und
790 3993 983 4052 Ottheinriohs
1001 3997 1039 4052 ist
1057 4015 1085 4052 es
1104 4000 1183 4055 nieht

50 4077 210 4144 gekommeu.
246 4084 272 4137 S.
294 4085 339 4140 br.
359 4085 401 4140 53.

113 4165 130 4218 2
146 4168 192 4224 Die
211 4171 392 4240 Plipslliohen
411 4171 635 4226 nndFranzosen
654 4169 927 4226 11111111111111111557
951 4171 981 4226 in
1001 4172 1092 4228 einem
1111 4173 1181 4228 klei-

50 4265 100 4306 tten
126 4253 216 4308 treffen
241 4257 285 4311 bei
304 4257 434 4312 Palliano
460 4274 516 4311 von
539 4257 593 4310 den
614 4256 750 4326 Spaniern
775 4258 860 4312 nsoter
877 4245 971 4314 Marco
990 4259 1113 4312 Antonio
1132 4257 1182 4314 to-

50 4333 132 4389 lonna
150 4343 322 4412 gemldagem
353 4344 397 4397 die
417 4344 598 4414 piipstliohen'
626 4341 758 4398 unfiihret·
776 4361 869 4398 waren
889 4345 982 4399 Giulio
1004 4346 1104 4398 Ursino
1125 4345 1180 4397 tund

50 4422 95 4472 dos
114 4431 216 4494 papstes
231 4431 359 4501 jlingster
379 4431 458 4495 nelle,
480 4432 629 4502 marggraf
648 4449 700 4486 von
720 4409 883 4486 Montbello.
920 4433 945 4486 S.
966 4433 1006 4486 br.
1027 4433 1092 4485 lla.
