2830 5072
69 349 132 405 tuot
605 357 668 418 339

64 523 222 584 reddentur
241 523 438 594 languidiores
459 530 489 582 et
509 523 640 584 fortassis
661 525 697 584 de
718 525 775 584 alio
801 523 916 585 fautore
943 527 1128 600 cogitabunt,
1161 543 1211 586 ue·

63 645 114 700 que
138 629 214 684 enim
236 626 341 684 desunt
359 629 510 699 practices,
532 637 561 686 et
582 629 629 702 orni
652 629 823 700 promittunt
850 632 974 701 majora;
1006 633 1080 701 scio,
1110 635 1209 706 quenti

62 732 96 788 sit
115 732 173 789 luce
192 733 338 802 momenti,
360 733 383 789 si
404 733 547 792 scribetur
567 741 597 792 et
618 733 723 792 multos
744 749 807 792 csse
828 735 857 792 in
879 735 932 792 huc
952 735 1080 808 regione,
1101 739 1150 810 qui
1165 754 1210 796 se·

61 855 107 894 cns
128 839 189 895 sint
210 837 330 905 dicturi,
352 853 408 896 non
430 853 493 896 esse
515 839 715 907 metuendum,
737 839 787 898 sed
809 847 905 896 tumen
928 855 984 898 non
1006 841 1125 914 somnio,
1145 859 1210 916 quae

60 942 167 1014 scribo,
195 949 225 1000 et
244 943 383 1014 plurimos
403 959 507 1004 revers
527 961 606 1016 esse,
635 945 683 1018 qui
705 946 749 1002 vel
771 946 889 1018 cupiant
908 944 1059 1018 primoque
1079 951 1209 1020 tempore

60 1045 155 1104 faedus
175 1053 354 1118 renovatum,
377 1047 423 1106 vel
444 1049 522 1108 aliud
544 1049 580 1108 de
602 1066 633 1108 sc
655 1055 685 1106 et
706 1049 742 1107 da
763 1049 888 1108 transitu
905 1053 1048 1120 statuere3
1070 1052 1111 1110 sic
1124 1051 1210 1108 undio

60 1152 149 1208 etium
170 1169 187 1208 u
207 1151 395 1224 primoribus,
426 1154 467 1212 sic
487 1151 611 1225 affirmo,
644 1154 712 1228 quin
740 1154 826 1212 audio
847 1155 1008 1226 aliquorum
1030 1169 1129 1226 voces,
1161 1155 1210 1228 qui

60 1263 289 1329 conqueruntur,
311 1258 387 1330 quod
409 1259 660 1317 christianissimus
681 1273 733 1316 rex
753 1258 871 1329 indigne
892 1257 1063 1316 tractaverit
1083 1257 1210 1329 Rhaetos,

59 1379 130 1434 quos
152 1361 207 1420 sibi
229 1365 425 1437 conjunxisset
445 1369 532 1437 atque
560 1361 729 1436 obligasset,
758 1367 788 1419 et
814 1362 957 1436 aliquibus
987 1363 1016 1420 in
1042 1362 1130 1420 rebus
1156 1362 1210 1420 sibi

59 1465 197 1536 defuisse,
219 1468 260 1526 sic
281 1468 377 1526 cuium
397 1469 509 1540 ajdut·.
550 1467 613 1526 Hoc
641 1474 685 1526 est
706 1468 766 1525 veri
788 1475 818 1526 et
837 1466 986 1526 christiani
1007 1466 1128 1524 hominis
1148 1465 1210 1524 olli·

59 1572 145 1641 cium,
168 1570 297 1628 scribere
318 1571 440 1643 sincere,
462 1589 526 1644 qua
546 1571 628 1631 audit
647 1573 734 1630 etiam
754 1587 772 1629 a
792 1571 926 1642 gravibus
947 1570 1025 1629 uiris.

140 1670 311 1730 consultum
332 1672 401 1731 mihi
423 1673 587 1746 videretur,
609 1675 633 1732 si
654 1675 759 1732 Vestra
779 1673 975 1734 illustrissima
995 1673 1143 1734 celsitudo
1163 1689 1211 1732 cu-

59 1783 140 1833 raret
160 1791 215 1834 sua
236 1777 394 1836 autoritate
415 1777 470 1836 hoc
491 1780 652 1850 negotium,
678 1779 733 1836 hoc
759 1789 802 1836 est
829 1777 969 1837 scriberet
995 1785 1082 1852 atque
1115 1779 1211 1837 hona-

58 1887 151 1950 retur,
175 1895 212 1938 ne
235 1879 384 1940 differatur
405 1884 535 1954 amplius,
557 1883 607 1942 sed
629 1883 847 1954 redintegretur·
867 1882 972 1950 fredus,
993 1899 1041 1941 res
1061 1881 1210 1941 confirma·

58 1989 158 2055 retur,
192 1999 285 2057 neque
307 1991 492 2058 exspectetur
518 1993 695 2058 postremum
723 1993 851 2060 tempus,
884 2001 949 2044 nam
977 1986 1068 2044 multa
1094 1992 1210 2057 possent

57 2088 213 2156 accidere,
247 2105 310 2161 quae
338 2092 484 2160 negotium
513 2089 698 2162 turbarent‘,
729 2107 815 2162 qurum
843 2090 1004 2162 praesertim
1031 2095 1091 2148 tres
1114 2093 1209 2164 magni

57 2191 226 2250 monarchae
245 2190 368 2251 sollicite
396 2200 524 2264 queram
551 2195 622 2252 istos
649 2194 740 2252 bonos
766 2193 898 2253 dominos
924 2195 1094 2252 subvertere
1121 2201 1209 2268 atque

57 2298 92 2354 ad
113 2313 147 2355 se
170 2297 297 2368 trahere,
318 2297 406 2370 Pupa,
428 2297 533 2368 (iaesar,
555 2299 713 2372 Philippus,
734 2300 808 2358 alius
828 2315 865 2357 ex
878 2299 923 2356 iris
938 2300 1031 2372 palam
1048 2305 1079 2358 et
1097 2305 1208 2372 aperte,

57 2401 133 2460 alius
155 2407 250 2460 tecte:
279 2419 372 2476 neque
393 2405 474 2475 parvi
495 2401 627 2462 faciende
648 2409 693 2462 est
715 2405 891 2462 Venetorum
912 2403 1054 2476 potentia,
1082 2405 1131 2477 qni
1149 2404 1209 2475 jum

57 2523 92 2563 ex
102 2506 224 2565 Rhaetia
241 2507 312 2565 duos
323 2508 376 2566 sibi
396 2508 517 2567 militum
538 2507 689 2582 praefectos
710 2509 913 2582 adjunxerunt,
936 2513 968 2566 ut
988 2507 1061 2566 hanc
1081 2509 1210 2568 militiam

57 2609 245 2669 lucrifaciant
271 2619 301 2670 et
328 2613 435 2685 Papam
459 2613 572 2685 juvent.
614 2613 861 2686 Quemadmodum
891 2629 945 2670 nec
975 2614 1139 2686 spernenda
1165 2621 1210 2672 est

57 2718 188 2790 quinque
208 2733 347 2790 pagorum
366 2718 597 2790 Helueticorum,
627 2719 675 2791 qui
696 2724 763 2776 sunt
782 2717 910 2790 finitioni,
941 2719 1049 2776 astutia
1075 2725 1105 2776 et
1131 2735 1209 2792 quae·

57 2821 125 2880 dam
146 2821 239 2880 veluti
260 2824 289 2880 in
310 2828 437 2880 nostrum
457 2823 619 2882 doctrinam
640 2822 751 2894 rabies,
780 2821 990 2882 formidandum
1011 2823 1143 2895 iuquam,
1173 2839 1209 2881 ne

57 2943 161 2986 omnes
191 2925 240 2985 isti
270 2927 444 3000 conjunctim
474 2927 583 3000 aliquid
616 2925 742 2986 efficiant
772 2929 800 2985 in
831 2926 1037 2986 lucrifaciendo
1069 2927 1123 2985 sibi
1154 2927 1210 2986 hoc

56 3031 195 3099 transitu,
217 3032 271 3089 nisi
291 3031 384 3103 primo
406 3047 520 3105 quoqne
542 3039 672 3106 tempore
693 3047 741 3090 res
761 3031 960 3090 corrficiutnrt.

139 3136 245 3194 Posset
266 3135 354 3194 etiam
373 3138 554 3208 contingere,
582 3143 614 3196 ut
634 3137 765 3206 interca,
794 3136 861 3194 dum
883 3153 929 3194 res
951 3135 1100 3209 differtur,
1133 3137 1210 3210 quod

58 3240 143 3313 Papa
163 3239 280 3314 adjutus
301 3257 319 3298 c
339 3240 454 3299 diabolo
475 3258 527 3299 sno
548 3247 714 3314 promotore
741 3249 930 3315 recuperaret
957 3243 1010 3300 sibi
1037 3243 1121 3316 regni
1142 3243 1209 3302 (lul-

57 3347 165 3403 liarnm
186 3346 314 3416 animos,
348 3353 377 3404 et
397 3344 547 3418 proiecto,
577 3346 602 3404 si
624 3347 677 3405 hoc
697 3349 888 3418 contingeret,
909 3346 971 3405 lieri
992 3354 1110 3420 posset,
1141 3353 1211 3407 uta

57 3450 170 3522 multis,
192 3452 240 3523 qui
261 3455 328 3508 suut
348 3453 377 3508 in
393 3450 516 3522 Rhoetia,
539 3451 634 3510 Gallia
653 3453 716 3524 ipsa
737 3451 929 3523 desereretur,
950 3454 992 3510 ita
1012 3457 1045 3509 nt
1065 3449 1211 3510 difficilior

57 3562 163 3627 postea
182 3555 393 3630 redintegratio
414 3555 532 3616 foederis
553 3563 630 3616 esset
649 3555 762 3627 futura,
783 3557 876 3615 dicam
897 3556 1027 3626 amplius,
1048 3573 1104 3615 non
1125 3557 1211 3614 modo

58 3677 127 3720 esse
147 3662 317 3734 periculum,
338 3669 369 3720 nt
390 3661 551 3720 monarchae
573 3662 680 3734 etalii,
702 3663 738 3720 de
760 3662 864 3734 quibus
879 3661 947 3733 dixi,
969 3661 1044 3724 hune
1059 3661 1210 3719 transitum

58 3765 147 3824 nobis
166 3767 303 3840 eripiant,
330 3767 382 3825 sed
403 3767 482 3826 aliud
503 3774 548 3826 est
568 3768 770 3838 metuendum,
799 3767 875 3840 quod
902 3783 959 3824 non
981 3767 1105 3836 somnio,
1133 3765 1209 3838 quod

58 3873 173 3931 scilicet
199 3874 229 3931 ni
257 3873 365 3933 domini
389 3873 484 3932 Rhaeti
513 3875 603 3933 velint
627 3875 781 3947 Tigurinos
807 3882 836 3933 et
857 3873 1018 3932 Beruenses
1044 3870 1151 3928 imitari
1181 3875 1211 3927 et

59 3977 170 4036 nemini
191 3993 221 4036 se
243 3977 386 4050 obligare;
415 3979 498 4049 ajunt
519 3977 610 4049 enim,
639 3976 693 4034 sibi
713 3978 767 4035 hoc
787 3975 915 4035 futurum
935 3973 1093 4033 consultius
1114 3973 1211 4030 multis

58 4084 99 4140 de
124 4083 222 4142 censis.
265 4082 336 4142 Gum
358 4099 426 4141 vero
453 4099 528 4140 rruuc
555 4081 695 4140 inclinent
720 4082 750 4138 in
775 4079 870 4140 foedus
896 4078 1110 4148 renovandum,
1141 4077 1210 4134 mihi

58 4202 123 4243 nou
142 4187 226 4246 modo
247 4204 304 4246 nou
324 4187 460 4246 videntur
480 4187 691 4258 contemnendi,
713 4185 765 4244 sed
785 4185 876 4244 obviis
897 4185 972 4241 ulnis
993 4181 1161 4253 excipiendi.

144 4292 309 4350 Videbimus
329 4293 461 4364 primum,
483 4309 519 4350 an
540 4291 790 4350 christianissimus
804 4305 857 4348 rex
874 4289 997 4348 uoluerit
1011 4285 1157 4352 mandare,
1179 4291 1211 4341 ut

59 4396 118 4454 fiat
137 4399 192 4456 cito
211 4397 330 4456 federis
351 4399 574 4471 redintegratio,
602 4403 632 4456 et
652 4402 720 4454 tnnc
741 4395 778 4470 (si
799 4392 931 4454 facienda
951 4391 1051 4461 suerit)
1074 4389 1209 4446 illustris·

566 4491 569 4498 ’
943 4493 1001 4548 22*
