2830 5078
765 335 828 416 aaa
1254 385 1258 390 -
1303 351 1356 406 rao

222 543 304 600 ceps,
331 531 439 602 quanto
459 525 555 586 studio
577 529 720 598 quantave
741 525 927 582 veneratione
949 532 979 582 et
999 523 1185 584 observantie
1211 526 1241 582 in
1270 539 1358 582 nomen
1408 517 1409 530 ¹

221 633 425 691 illustrissimae
452 629 638 689 celsitudinis
666 630 778 688 Vestrae
804 627 892 688 ferar.
937 629 970 685 In
1002 645 1038 687 ea
1066 635 1164 687 tamen
1195 628 1359 686 declaranda

221 739 325 810 longus
347 751 410 797 esse
430 737 516 807 nolo,
549 751 647 794 verum
668 752 718 794 eas
736 741 835 809 partes
855 735 892 794 ad
919 734 1044 793 eundem
1070 734 1098 792 d.
1123 733 1296 805 Vergerium
1323 751 1360 790 re-

221 843 305 914 lego,
336 843 385 915 qni
413 841 482 900 mibi
507 857 572 898 mea
598 848 701 914 sponte
727 843 757 900 in
784 839 995 900 observantiam
1015 840 1137 897 nominis
1158 838 1356 896 illustrissima

222 947 409 1006 Celsitndinis
428 948 541 1006 Vestrae
563 945 669 1004 ferenti
690 946 785 1004 calcar
804 945 932 1017 addidit,
961 943 1091 1004 incendit
1118 949 1149 1001 et
1167 941 1360 1008 inflammarit,

221 1052 356 1112 ineundae
383 1058 480 1110 autem
507 1051 656 1122 amplioris
679 1052 781 1122 gratiae
807 1057 837 1108 et
867 1049 1010 1108 testanda
1036 1048 1246 1122 qualiscunque
1275 1049 1361 1106 obser·
1409 1064 1410 1073 ¹

221 1156 327 1216 nantia
346 1171 418 1214 mea
438 1155 468 1212 in
489 1151 713 1212 illustrissimam
734 1151 943 1211 Celsitudinem
963 1153 1113 1225 Vestram,
1145 1156 1229 1212 mitto
1257 1152 1300 1210 illi
1319 1171 1361 1211 un·

220 1261 349 1332 gericum
369 1273 482 1318 currum
505 1257 620 1332 (Kotczi
640 1257 726 1328 vulgo
747 1256 863 1332 vocant]
885 1272 943 1314 una
970 1273 1033 1314 eum
1060 1263 1184 1329 quatuor
1212 1257 1307 1329 aqum,
1333 1257 1362 1314 ad

220 1361 410 1436 perferendos
430 1361 545 1420 labores
566 1366 596 1418 et
616 1375 720 1432 magna
740 1358 891 1418 celeritate
912 1358 1019 1418 itinera
1046 1359 1225 1418 conficienda
1251 1334 1361 1418 maxime

221 1468 357 1538 idoneos,
387 1465 471 1524 mitto
493 1469 522 1524 et
542 1465 685 1522 hominem
707 1463 821 1536 Scytam
843 1480 896 1524 seu
917 1464 1069 1524 Tartarum
1093 1483 1207 1526 servum
1239 1473 1271 1524 ct
1294 1484 1361 1524 man·

221 1573 326 1645 cipium
346 1577 400 1630 etc.
442 1569 577 1629 Ceterum
606 1569 771 1642 spectabilis
792 1575 822 1626 et
842 1567 1009 1641 magnificus
1031 1570 1059 1628 d.
1081 1571 1255 1630 Eustachins
1275 1571 1363 1630 Wolo·

220 1678 304 1749 witz,
337 1675 515 1736 consiliarius
542 1681 572 1734 et
597 1676 793 1734 marschallrus
823 1677 985 1749 majestatis
1015 1677 1103 1751 regiae
1130 1679 1159 1734 in
1180 1675 1316 1734 Molrilon
1339 1685 1362 1733 et

222 1781 375 1854 Miednylri
395 1781 579 1854 capitaneus,
609 1797 672 1839 cnm
693 1781 871 1852 intelligeret
891 1781 1053 1840 litterarum
1083 1788 1114 1840 et
1133 1780 1254 1854 pietatis
1275 1780 1361 1838 studia

222 1885 252 1944 ia
273 1885 370 1944 schola
391 1885 567 1957 Tubingensi
588 1885 790 1944 illustrissimae
812 1884 1000 1944 celsitudinis
1012 1886 1123 1944 Vestrae
1145 1885 1263 1957 florere,
1284 1887 1362 1942 mittit

222 2005 257 2049 eo
278 1997 398 2062 nepotes
419 1996 450 2049 et
470 1993 699 2062 consanguineos
719 2008 802 2050 snos:
824 1993 966 2050 Joannem
988 1998 1018 2050 et
1034 1991 1195 2064 Josephum
1210 1991 1361 2060 Wolonita,

221 2093 364 2154 Joannem
385 2099 416 2152 et
436 2095 555 2154 Petrum
576 2094 803 2154 Wiesiolowislri
824 2103 854 2156 et
875 2095 1029 2155 Oorsacnm
1050 2096 1241 2168 Polocranin,
1271 2095 1362 2170 quibus

221 2214 252 2258 se
272 2199 323 2257 alii
344 2198 402 2258 duo
422 2199 548 2272 majores
570 2204 640 2257 natu
661 2204 691 2257 et
707 2199 767 2270 jam
784 2198 980 2270 grandiusculi
996 2199 1193 2272 adjunxerunt
1211 2198 1362 2258 Stanislaus

221 2303 339 2362 Rmitha
370 2310 400 2361 et
427 2303 602 2362 diedericus
630 2303 768 2371 Skumin,
807 2303 1051 2364 marschalkornm
1082 2312 1112 2363 et
1145 2303 1363 2363 consiliariorum

222 2410 384 2484 maiestatis
404 2410 493 2484 regiae
518 2407 585 2480 filii,
617 2408 818 2468 honestissimo
839 2411 902 2468 loco
922 2411 951 2467 in
974 2409 1194 2468 olarislamiliis
1215 2408 1363 2468 nobilitatis

221 2514 384 2574 Litnanicae
405 2515 483 2586 nati,
515 2522 548 2574 ut
569 2515 681 2575 scilieet
701 2515 766 2574 istic
787 2515 925 2574 virtutem
953 2522 983 2572 et
1008 2515 1104 2574 studia
1130 2517 1294 2574 litterarum
1324 2530 1363 2572 ca·

220 2627 346 2692 possent,
367 2620 494 2694 linguam
516 2626 668 2693 utramque
682 2621 816 2679 Latinam
840 2628 869 2679 et
883 2620 1082 2680 Germanicam
1103 2637 1157 2679 usu
1178 2621 1299 2688 discant,
1318 2620 1363 2676 im·

220 2724 319 2798 primis
341 2740 410 2782 vero
432 2731 464 2783 ut
483 2742 501 2784 a
517 2727 625 2783 teneris
648 2727 787 2784 sinceram
804 2726 972 2797 religionem
989 2731 1019 2782 et
1029 2726 1168 2798 pietatem
1180 2723 1361 2796 Christianam

220 2833 365 2904 tamquam
378 2843 440 2888 eum
456 2831 531 2888 lacte
544 2828 693 2901 imbibant,
708 2845 765 2903 quo
780 2830 810 2888 in
824 2836 969 2901 posterum
986 2828 1081 2902 utiles,
1098 2827 1174 2900 irugi
1187 2837 1218 2888 et
1231 2829 1363 2887 salutares

221 2933 298 2994 cives
319 2935 404 3007 lrujns
424 2933 592 3008 reipublicae
614 2951 679 2993 esse
700 2935 820 3008 possint.
862 2933 915 2993 His
936 2936 1030 2993 estin
1051 2941 1259 3007 preceptorem
1280 2941 1310 2992 et
1326 2934 1364 2990 in·

221 3045 383 3113 spectorem
405 3038 559 3111 adjunctus
574 3039 717 3111 Georgius
728 3040 911 3112 Zaboloczki,
931 3039 1096 3110 virbonus,
1116 3039 1182 3112 pius
1204 3047 1234 3098 et
1255 3056 1308 3097 non
1326 3039 1362 3096 in-

222 3144 372 3219 eruditus;
405 3146 477 3204 istos
507 3147 606 3219 itaque
634 3162 733 3204 omnes
760 3145 965 3204 illustrissimae
996 3143 1168 3204 Celsitudini
1195 3145 1304 3203 Vestra
1328 3143 1363 3199 ila

220 3249 406 3321 commendo,
438 3250 480 3308 ita
507 3251 536 3308 in
564 3251 685 3308 tutelam
714 3256 743 3308 et
770 3252 960 3322 patrocinium
985 3250 1041 3322 do,
1073 3256 1106 3308 ut
1127 3267 1221 3323 neque
1242 3248 1298 3308 lide
1317 3262 1363 3306 nec

220 3351 484 3426 diligentiapossim
495 3355 613 3426 majore.
634 3355 794 3414 Intercedit
809 3357 883 3413 enim
901 3353 968 3412 milri
985 3372 1047 3414 cum
1069 3353 1201 3427 patribus
1223 3362 1253 3412 et
1273 3352 1360 3412 amicis

220 3455 341 3516 istorum
362 3474 418 3516 non
438 3460 530 3519 solum
551 3461 686 3530 amicitia,
708 3461 760 3521 sed
781 3467 810 3519 et
830 3462 939 3521 arctior
959 3459 1139 3534 familiorqne
1162 3457 1361 3520 benevolentia

222 3577 290 3620 usus
311 3568 340 3620 et
361 3564 555 3637 consuetudo,
583 3582 616 3624 ac
636 3565 683 3624 isti
704 3565 779 3624 forte
801 3566 864 3624 sola
890 3564 1082 3636 benignitate,
1111 3565 1206 3622 tutela
1227 3571 1257 3622 et
1275 3568 1360 3636 patro-

221 3667 296 3732 cinio
317 3666 521 3726 illustrissima
543 3670 730 3728 Oelsitudinis
741 3670 853 3729 Vestrae
874 3671 1002 3729 contenti
1022 3651 1115 3728 erunt.
1146 3669 1204 3728 Sed
1221 3670 1360 3735 Martinus,

222 3771 357 3832 advocati
386 3773 554 3833 Kauneusis
579 3773 672 3845 lilius,
707 3778 755 3848 qui
786 3792 843 3834 una
869 3793 931 3833 cum
959 3775 1004 3832 bis
1033 3781 1151 3832 etcum
1178 3775 1206 3832 d.
1234 3770 1360 3845 Vergerio

221 3875 285 3935 istic
312 3874 518 3949 proficiscitur,
546 3878 739 3938 beneficentia
759 3887 789 3938 et
809 3879 986 3938 liberalitate
1006 3880 1030 3936 si
1050 3893 1107 3936 non
1128 3879 1159 3936 in
1179 3883 1257 3950 toto,
1276 3874 1360 3934 saltim

221 3983 250 4038 iu
271 3986 354 4052 parte
374 3981 580 4042 illustrissimae
603 3983 790 4042 celsitudinis
810 3984 922 4042 Vestrae
942 3983 1094 4056 indigebit,
1116 4001 1201 4058 quem
1223 3985 1304 4043 etiam
1320 3975 1358 4036 illi

222 4084 404 4157 commendo;
432 4087 571 4160 quidquid
592 4095 689 4146 autem
708 4091 737 4146 in
759 4089 860 4160 istum,
892 4091 966 4147 sicut
993 4095 1024 4146 et
1049 4089 1079 4146 in
1100 4088 1166 4178 illos
1186 4081 1357 4159 benignitatis

221 4196 252 4248 et
271 4188 404 4248 beneficii
424 4194 468 4249 sui
490 4193 654 4264 contulerit,
676 4193 836 4266 pertinebit
856 4192 910 4252 boc
931 4191 968 4251 ad
983 4193 1105 4266 gloriam
1116 4192 1172 4250 Dei
1193 4198 1223 4251 et
1242 4187 1356 4249 eccesie

220 4294 276 4354 Ilei
298 4295 429 4368 salntem,
451 4296 519 4357 olim
540 4313 595 4369 per
614 4297 686 4355 istos
706 4299 736 4355 in
758 4296 803 4355 his
824 4299 930 4357 nostris
951 4297 1225 4372 septentrionalibus
1243 4290 1354 4366 regioni·

220 4397 273 4457 bus
282 4398 508 4474 promovendam
519 4405 549 4458 et
558 4400 782 4474 propagandam,
796 4381 955 4474 pertinebit
966 4400 1003 4460 ad
1014 4402 1139 4472 laudem,
1156 4399 1194 4462 ad
1205 4398 1312 4474 gloriam
1323 4399 1353 4450 tt
