2830 5078
766 336 828 399 236
1294 331 1341 386 1560

219 504 338 580 addere,
359 506 411 567 sed
431 521 496 566 mea
516 506 661 568 sententia
681 507 806 582 paucula
827 514 857 566 et
877 509 992 579 gravia,
1025 506 1130 584 quibua
1150 508 1296 569 Molinnus
1312 523 1343 566 re·

222 609 364 684 spondere
385 627 441 670 non
462 613 562 686 possit,
583 609 671 671 fuisso
692 611 759 672 huic
773 611 906 686 epistolae
920 612 1084 685 inseranda,
1106 604 1287 672 nibilominus
1301 611 1344 688 fiet,

221 715 300 790 quod
321 716 515 776 mandabitur.

297 820 398 880 Habeo
418 823 449 880 in
468 823 563 881 animo
584 821 712 882 scribare
727 823 763 880 ad
780 821 1006 882 illustrissimum
1022 821 1188 883 Palatinum
1208 823 1346 893 electorem,

221 942 286 986 com
306 927 476 1000 audiverim,
498 943 563 986 eum
579 928 706 1000 cogitare
729 927 764 984 de
785 926 887 986 nuntio
908 927 946 986 ad
966 927 1192 986 illustrissimum
1212 929 1347 1002 palatinum

221 1029 387 1090 Vilnensem
408 1031 567 1100 mittendo,
597 1031 695 1104 placet
722 1031 797 1090 enirn
818 1032 975 1103 sententia,
1002 1031 1058 1090 imo
1085 1031 1155 1090 mihi
1182 1031 1290 1090 videtur
1312 1047 1347 1090 nc·

221 1138 348 1196 cessaria
367 1137 404 1195 ad
425 1135 608 1196 retinendum
629 1151 726 1208 regem
748 1140 778 1194 et
798 1136 957 1209 palatinum
975 1135 1141 1195 Vilncnsem
1161 1137 1191 1194 in
1212 1135 1307 1208 officio,
1325 1153 1348 1195 re

221 1241 332 1299 scilicet
352 1239 493 1314 adjungat
514 1255 544 1298 se
571 1239 657 1299 alteri
685 1241 778 1312 parti,
809 1240 860 1299 sed
879 1238 1025 1298 vobiscum
1045 1247 1161 1300 mancat
1183 1241 1221 1318 (si
1240 1239 1297 1300 fieri
1314 1257 1349 1314 po·

222 1345 291 1404 terit
312 1347 373 1404 sine
393 1344 527 1422 nuptiis),
556 1345 639 1404 decet
667 1350 764 1404 autern
789 1344 1011 1404 illustrissimum
1033 1346 1188 1404 electorem
1210 1347 1349 1405 Palatinum

222 1449 353 1508 nuntium
375 1451 501 1522 mittere,
522 1455 585 1509 tum
605 1449 693 1508 etiam
713 1449 938 1508 illustrissimum
953 1450 1095 1509 loannem
1109 1450 1294 1522 Fridericum,
1313 1455 1349 1509 aot

221 1555 446 1614 illustrissimum
468 1554 608 1612 ioannem
630 1553 821 1625 Gulielmum,
849 1553 929 1628 quia
945 1553 1013 1612 huic
1034 1561 1064 1613 et
1090 1555 1275 1614 illustrissimi
1292 1557 1350 1614 elec·

222 1661 295 1718 toris
315 1657 375 1717 filio
403 1658 604 1717 serenissimus
624 1658 832 1720 Poloniaerex
858 1658 997 1716 voluisset
1025 1673 1140 1718 sorores
1167 1658 1252 1728 dare3
1280 1675 1350 1732 qnare

224 1781 288 1824 cnm
310 1763 389 1822 Deus
409 1763 495 1822 aliter
516 1764 662 1835 statuerit,
683 1764 786 1822 saltem
807 1767 891 1838 erant
910 1762 954 1820 illi
974 1763 1075 1836 gratiae
1096 1763 1217 1836 agendae
1237 1781 1285 1838 per
1301 1779 1351 1834 pro·

224 1869 319 1943 prium
340 1869 480 1940 anutium,
501 1868 555 1928 hoc
576 1873 656 1928 certe
678 1869 735 1926 erit
754 1868 876 1942 injicere
896 1865 1008 1927 benum
1032 1867 1216 1926 serenissimo
1238 1869 1310 1940 regi,
1331 1873 1352 1925 nt
1398 1851 1399 1854 ¹

225 1991 288 2032 cum
309 1973 549 2050 protestantibus,
570 1978 603 2032 ut
625 1973 700 2046 dixi,
729 1978 852 2032 maneat.
893 1973 1056 2046 Adiungam
1078 1973 1242 2046 exemplum
1260 1975 1351 2032 littera·

223 2093 287 2137 rum
298 2078 345 2136 -ad
362 2079 484 2138 eundem
496 2077 721 2138 illustrissimum
733 2077 879 2136 dominum
894 2078 1059 2136 electorem.
1082 2077 1155 2138 Orus
1171 2085 1224 2137 aut
1236 2077 1352 2152 perendie

223 2185 335 2242 mittam
356 2185 385 2242 in
405 2183 554 2242 Prussiam
575 2183 611 2242 ad
633 2183 856 2243 illustrissimum
883 2181 965 2241 illum
990 2183 1151 2256 principem
1180 2183 1352 2250 tabellarium,

223 2304 308 2362 quem
335 2289 446 2348 detinui
471 2287 548 2361 apud
576 2305 635 2358 me,
667 2287 734 2346 dum
762 2286 871 2362 aliquid
898 2289 1001 2346 scirem
1030 2287 1065 2345 de
1094 2288 1174 2346 exitu
1196 2289 1281 2362 hujus
1301 2303 1352 2346 con·

223 2397 335 2452 ventus.

301 2497 446 2570 Suspicor,
458 2497 683 2558 illustrissimum
698 2497 852 2568 electorem
862 2497 1026 2557 Palatinum
1040 2499 1116 2558 velle
1129 2498 1271 2572 dispicere
1284 2503 1356 2571 atque

224 2603 311 2662 etiarn
331 2603 441 2676 requiri
461 2619 513 2676 per
533 2619 615 2662 snum
636 2603 777 2671 nuntium,
799 2619 866 2661 num
886 2602 996 2676 aliquid
1009 2601 1086 2662 forte
1100 2608 1178 2661 esset
1191 2603 1356 2682 cogitandum

223 2706 259 2766 de
280 2707 461 2780 sponsalibus
481 2722 534 2782 pro
555 2705 614 2765 filio
631 2711 682 2764 ant
695 2705 795 2778 fratrc,
817 2705 904 2764 iaciat
917 2707 1073 2778 Dominns3
1095 2708 1252 2778 potuissem
1265 2703 1357 2779 aliquid

209 2810 352 2889 efficere,
382 2811 543 2872 siluissem
565 2811 665 2870 eadem
688 2813 724 2870 de
745 2829 777 2870 re
805 2813 947 2880 monitus,
978 2811 1029 2870 sed
1051 2829 1114 2870 cum
1135 2812 1208 2870 nihil
1229 2807 1357 2871 fueritad

222 2933 267 2976 me
289 2919 434 2991 scripturn,
458 2933 513 2976 uon
534 2923 587 2986 est,
609 2916 686 2990 quod
706 2915 830 2974 scribam
852 2933 905 2988 ego
921 2916 1040 2990 aliquid,
1061 2921 1174 2976 tautum
1187 2917 1226 2975 ad
1239 2897 1358 2988 duosper

223 3022 407 3088 tabellarium
429 3021 532 3094 scribo,
553 3022 591 3080 ad
610 3022 836 3080 illustrissimum
848 3021 949 3079 ducem
960 3021 1094 3080 Prussiac-
1107 3028 1137 3080 et
1157 3023 1195 3081 ad
1216 3019 1358 3087 illustrissi-

222 3145 297 3186 mum
319 3127 508 3186 Radzivillum
530 3124 805 3199 commonefaciens,
837 3143 882 3185 me
903 3132 1060 3201 propterea
1081 3143 1137 3184 non
1166 3129 1281 3186 mittere
1305 3125 1358 3181 illo·

223 3231 356 3292 strissimi
377 3231 512 3290 electoris
533 3245 712 3302 responsum,
734 3231 801 3304 quia
816 3245 868 3288 sua
882 3229 1077 3288 illustrissima
1091 3231 1231 3290 celsitudo
1243 3231 1359 3290 nuntium

222 3337 321 3406 mittit,
342 3337 425 3409 qu'us
439 3337 533 3394 nuntii
546 3337 656 3395 utinam
671 3351 773 3394 nomen
786 3335 859 3393 scire
874 3336 1039 3408 potuissem,
1054 3352 1120 3394 nam
1133 3335 1360 3395 commendassem

223 3457 287 3499 eum
308 3441 408 3502 amicis
428 3444 509 3501 meis.
1128 3523 1132 3527 ἢ

300 3546 439 3606 Nuntiavi
461 3547 487 3605 d.
504 3548 642 3607 Beurlino
664 3553 694 3606 et
715 3549 742 3606 d.
759 3545 913 3620 l'uohsiot,
933 3545 1157 3604 Illustrissimanr
1170 3545 1362 3606 celsitudinem

224 3652 356 3710 Vestram
385 3667 503 3726 cupere,
531 3659 563 3712 ut
584 3654 716 3712 Scalichii
737 3659 775 3722 ,et
796 3653 960 3727 Gangolpbi
989 3668 1076 3711 causa
1096 3652 1127 3709 in
1148 3659 1248 3710 senatu
1269 3647 1362 3708 sobolae

220 3755 369 3829 Judicetur
389 3760 440 3812 aut
461 3760 664 3828 componatnr3
686 3757 754 3829 quid
776 3757 833 3814 sint
854 3754 959 3814 facturi
980 3757 1091 3827 nesci0;
1114 3773 1199 3816 causa
1212 3759 1286 3816 inter
1303 3751 1362 3810 illos

222 3855 413 3930 duos'ardct3
435 3876 491 3918 non
512 3860 643 3919 deessem
664 3875 728 3918 meo
750 3857 854 3931 officio,
876 3859 913 3918 ad
934 3859 1011 3933 quod
1032 3877 1078 3917 me
1102 3860 1206 3919 Vestra
1225 3853 1363 3918 Celsitudo

221 3967 363 4036 hortatur,
384 3981 485 4025 verum
504 3967 535 4024 in
555 3965 609 4023 hac
629 3979 661 4022 re
683 3979 739 4024 non
761 3981 824 4024 snm
843 3964 985 4038 idoneus,
1017 3969 1049 4022 ut
1069 3980 1169 4023 curem
1190 3965 1274 4024 ullam
1293 3973 1363 4019 com·

793 4066 808 4100 s
939 4062 944 4071 .

278 4135 310 4275 ὲ
328 4132 540 4275 {abdrerlrlnbijrd
566 4218 656 4274 Fuchs
682 4235 736 4273 von
758 4217 918 4288 Wimpfen,
947 4207 1008 4288 geb.
1029 4219 1112 4282 1501,
1140 4217 1192 4272 seit
1216 4213 1279 4270 1538
1301 4223 1363 4278 pro·

222 4309 309 4364 fessor
326 4308 377 4362 der
395 4305 517 4361 medicin
535 4307 566 4361 in
584 4306 747 4378 Tiibingen‚
771 4306 879 4362 damnis
907 4307 982 4362 einer
1002 4306 1051 4360 der
1070 4303 1286 4362 bedeutcndsten
1303 4310 1362 4349 var·

222 4401 310 4454 iretsr
328 4395 418 4452 dieser
435 4394 630 4452 wissenschait
649 4394 700 4452 suf
716 4395 765 4452 der
783 4393 959 4451 universitdt.
990 4397 1007 4462 i
1027 4394 1103 4450 1566.
1140 4392 1202 4466 Vgl.
1219 4389 1257 4443 br.
1273 4401 1299 4438 n·
1316 4381 1360 4435 98
