2830 5078
1308 385 1355 440 lton

237 580 290 636 per
310 541 411 638 nquam
434 569 464 622 et
483 563 513 620 iu
535 563 564 622 id
585 563 754 638 deputatum
776 579 846 634 opus
868 564 944 622 omni
965 567 1076 621 remoto
1103 578 1184 620 mora
1213 559 1358 620 condoletur.

238 665 309 739 Quo
328 665 407 724 vobis
427 666 585 724 elementer
602 665 735 738 judicare
757 665 898 723 noluimus
912 663 928 723 ¹.
1406 699 1408 784 1

315 777 398 836 Datne
422 779 456 836 13
479 777 650 838 Novembris
671 795 746 837 enno
768 779 815 837 60.
1407 829 1408 836 ,

700 881 924 956 christophorus
945 883 1003 942 dux
1025 882 1302 956 wirtembergensi.
1407 901 1408 938 l

318 1011 428 1080 Audio,
457 1010 584 1068 Venetos
604 1012 764 1086 nooepissse
786 1011 964 1085 evangelium
996 1019 1026 1070 et
1054 1031 1089 1073 ex
1115 1014 1249 1087 patriciis
1272 1013 1360 1070 circiter

236 1116 445 1190 quinquaginta
466 1133 538 1184 esse,
562 1118 611 1190 qui
632 1115 807 1192 profitentur
828 1119 979 1178 veritatem
1001 1119 1153 1193 evangelii.

785 1405 848 1462 104.

541 1533 667 1621 Verger
690 1558 732 1601 nn
756 1535 876 1622 herzog
898 1536 1084 1622 christoph.

563 1673 714 1749 Tuhiugen
738 1677 774 1734 14
795 1674 959 1736 November
981 1676 1066 1734 1560.

311 1803 450 1860 Whueohi
469 1805 523 1859 den
542 1805 644 1876 herzog
662 1823 695 1858 zu
713 1805 849 1876 epreoheu
869 1805 926 1859 und
945 1805 1031 1874 magt,
1051 1821 1135 1859 wuun
1154 1802 1212 1857 und
1232 1819 1274 1855 wo
1292 1817 1317 1854 er
1331 1797 1363 1850 ihu

240 1900 382 1955 besnohen
402 1901 511 1994 honne3
528 1901 574 1956 die
592 1900 744 1956 uobelfelle.

318 2023 514 2083 Illusirissime
536 2025 675 2098 Princeps
696 2029 726 2082 et
747 2023 870 2083 Domine
891 2025 1014 2083 Domine
1036 2023 1282 2082 clementissime!

319 2129 425 2200 Leton
448 2130 523 2204 qnod
543 2129 693 2214 audierim,
713 2130 939 2190 illustrissimam
961 2128 1169 2188 celsitudinem
1182 2127 1313 2185 Vestrum
1330 2122 1366 2178 do-

239 2249 316 2290 mum
337 2231 457 2290 rediisse
478 2233 666 2304 incolumem,
688 2233 751 2290 Deo
772 2235 830 2291 sint
850 2233 960 2306 grntiee.
1002 2232 1065 2305 Ego
1087 2247 1149 2289 eum
1171 2229 1238 2306 (per
1259 2231 1316 2302 ejus
1332 2242 1366 2283 ro·

236 2336 390 2412 luntntem)
411 2339 555 2409 potuerim
577 2353 613 2396 ex
633 2340 803 2411 gravissimo
823 2340 924 2399 morbo
945 2341 1079 2410 eradere,
1100 2345 1133 2396 ut
1152 2338 1248 2396 adhue
1267 2335 1367 2404 serrium

239 2438 384 2508 eeclesiae,
414 2439 628 2511 qualiscumque
659 2442 729 2512 nim,
756 2442 923 2500 meliuscule
955 2441 1068 2515 huben,
1099 2442 1203 2500 saltem
1222 2455 1332 2515 possum
1347 2438 1367 2493 in
1407 2495 1408 2516 χ

238 2541 343 2600 studiis
365 2543 474 2600 versari
496 2549 526 2601 et
546 2545 575 2602 in
597 2545 771 2617 hypocausto
802 2563 855 2619 per
887 2563 932 2605 me
957 2553 1101 2621 uteunque
1122 2546 1285 2616 ambulare,
1311 2560 1369 2601 uou-

240 2643 323 2702 mitto
345 2659 390 2701 me
411 2644 549 2719 Domiu03
582 2652 650 2718 agat
675 2648 725 2705 ille
754 2647 790 2706 de
811 2666 874 2718 me,
906 2655 938 2706 nt
958 2651 1089 2710 voluerit.
1131 2651 1237 2722 Relegi
1258 2647 1370 2724 quedem
1406 2679 1407 2752 q

239 2748 360 2821 scripte,
391 2764 455 2821 quae
476 2755 544 2808 ante
566 2751 766 2822 aegritudinem
788 2753 1010 2828 admonueram,
1042 2761 1071 2814 et
1091 2757 1149 2814 elin
1169 2756 1301 2827 quedam
1319 2767 1370 2810 rou·
1406 2763 1407 2791 ³

240 2852 352 2911 einnnvi
384 2859 495 2926 postea.
546 2855 694 2914 Praetereo
724 2859 782 2916 eliu
808 2857 915 2931 habeo,
943 2877 1007 2933 quae
1035 2877 1098 2918 unm
1129 2860 1235 2919 Vestra
1265 2857 1372 2916 Gelritu-

239 2957 306 3018 dine
327 2963 496 3018 reverenter
517 2958 671 3020 conferam.
713 2963 807 3034 Quare
838 2965 861 3022 si
887 2965 1006 3036 scirem,
1037 2947 1109 3022 enm‘
1129 2963 1300 3036 propediem
1318 2976 1371 3018 ven·

239 3067 347 3131 turum,
369 3063 415 3140 (ut
435 3067 509 3124 solet
529 3065 584 3124 hoo
603 3064 671 3121 nnui
691 3065 835 3142 tempore)
857 3069 886 3123 in
908 3065 1107 3140 Sehompnoh²
1127 3072 1332 3140 exspectarem,
1349 3068 1374 3118 ul

241 3184 304 3224 enm
323 3167 382 3227 illio
403 3170 593 3240 convenirem,
614 3169 686 3227 alins
707 3177 823 3242 egomet
843 3186 998 3242 sperarem,
1018 3187 1064 3230 me
1084 3187 1170 3244 poene
1192 3167 1372 3239 Stutgnrdieu

240 3287 329 3344 usque
360 3271 390 3328 iu
417 3290 504 3332 onrru
525 3274 632 3332 venire.
673 3274 707 3330 Iu
733 3291 842 3333 summe
864 3275 993 3349 supplico
1014 3275 1186 3334 Celsitudini
1208 3276 1326 3344 vestrm,
1350 3277 1374 3328 ut

240 3374 376 3446 dignetur
396 3393 441 3434 me
463 3393 498 3435 en
518 3378 555 3436 de
576 3395 608 3436 re
629 3379 783 3438 certiorem
804 3377 914 3451 faeere,
940 3381 1039 3439 venire
1070 3397 1106 3438 ne
1134 3379 1252 3438 debeam
1280 3395 1316 3436 uu
1336 3391 1374 3433 er·
1403 3409 1404 3418 κ

239 3485 369 3552 spectare
391 3481 453 3551 ejus
474 3481 636 3539 adrentum.
715 3545 719 3551 ,

317 3583 379 3643 Neo
399 3584 467 3643 dedi
488 3587 611 3658 cuipiam
632 3599 685 3644 neo
706 3585 780 3644 delto
801 3585 892 3659 pelles
913 3586 1088 3654 nibellinus⁸‚
1111 3587 1165 3645 nisi
1191 3589 1268 3643 certo
1289 3585 1375 3650 soloin,
1402 3629 1403 3660 q

240 3691 347 3750 velitne
368 3707 418 3750 eus
438 3691 543 3750 Vestra
563 3691 760 3750 Illustriseimn
781 3691 929 3751 (lelsitudo
959 3691 1019 3767 (vel
1039 3708 1092 3764 pro
1113 3708 1144 3749 se
1165 3693 1209 3749 vel
1229 3706 1285 3762 pro
1314 3688 1375 3758 olio]

240 3795 361 3864 utinum,
383 3795 623 3868 quemadmodum
643 3795 679 3854 nb
700 3795 784 3854 initio
805 3797 911 3867 obtuli,
940 3798 983 3854 ite
1002 3813 1078 3854 nune
1097 3797 1231 3869 dignetur
1251 3795 1376 3865 accipere

238 3916 321 3959 erne
343 3901 418 3960 dono
439 3903 525 3960 etium
546 3906 598 3961 eut
618 3912 790 3976 quoeunque
810 3903 905 3975 pretio
926 3902 1067 3972 voluerit,
1096 3900 1197 3974 quibus
1217 3897 1328 3956 duabus
1346 3896 1376 3953 de

238 4005 325 4065 rebus
344 4020 512 4078 responsum
532 4011 676 4078 exspecto.
709 4005 954 4066 AeternnsPnter
974 4011 1080 4080 augent
1090 4005 1258 4066 celsitudini
1272 4004 1375 4063 Vestro

805 4147 821 4180 ’l‘

310 4259 323 4312 l
343 4257 463 4328 Vergere
481 4260 604 4314 unimorh
621 4277 641 4314 e.
660 4277 687 4313 u.
708 4259 764 4312 105.

308 4343 406 4486 ἕξεί
416 4343 586 4488 jeigrllsehloss
605 4343 753 4408 Einoindel,
775 4343 791 4398 2
810 4343 929 4400 standon
948 4359 1004 4411 von
1022 4341 1177 4416 tubingen.
