2830 5078
68 379 125 434 1559
590 381 651 442 217
677 327 681 332 1

63 553 133 623 11005,
154 553 221 610 nihil
243 550 297 610 init
317 549 399 610 nobis
420 551 610 624 conjunctius,
632 549 764 612 haesita
785 568 829 612 me
851 553 1040 626 evangelium.

130 654 232 714 Datum
252 653 349 714 Erfelt
370 655 417 714 die
438 653 611 714 Novembris
633 657 650 714 2
676 658 758 714 1559.

202 759 408 820 illustrissima
427 759 614 820 celsitudinis
636 760 748 820 Vestrae
773 759 1041 822 observantissimus

950 864 1115 940 Vergerius.

596 1139 643 1194 89.

350 1267 475 1351 Verger
498 1289 541 1331 an
564 1265 682 1352 herzog
706 1266 891 1352 Christoph.

394 1395 499 1456 Stettiu
522 1400 559 1454 25
581 1395 746 1456 November
769 1397 851 1456 1559.

117 1514 264 1572 Beriehtet
281 1515 351 1572 dher
368 1515 465 1572 seinen
485 1515 646 1572 auienthalt
664 1515 739 1573 heim
760 1517 863 1588 herzog
881 1534 936 1573 ron
954 1516 1165 1590 Mechlenburg.

123 1614 321 1673 illustrissime
342 1613 480 1687 Princeps
502 1621 532 1673 et
552 1615 674 1674 Domine
696 1613 816 1674 Domine
838 1615 1083 1676 Olernentissime!

122 1719 316 1792 Posteaquam
337 1717 472 1789 Tuhinga'
489 1715 620 1788 discessi,
641 1717 755 1776 litteras
775 1717 811 1775 ad
833 1717 965 1778 Vestram
987 1717 1195 1780 Oelsitndinem
1224 1703 1228 1713 ’

56 1823 112 1881 dedi
132 1842 167 1883 ex
187 1821 387 1893 Haidelherga
407 1826 493 1893 atque
516 1837 552 1878 ex
574 1819 694 1878 Vinaria
713 1819 773 1878 sive
795 1821 878 1882 Jena.
919 1821 1003 1882 Nune
1025 1839 1060 1881 ex
1082 1823 1194 1884 Stetiao

55 1945 143 1998 pauca.
185 1929 261 1986 Veni
283 1927 399 1985 tandem
421 1925 457 1983 ad
479 1925 701 1984 illustrissimum
720 1925 1006 1999 Meolrelburgensem
1021 1927 1043 1997 ¹,
1072 1929 1120 2000 qui
1148 1944 1194 1986 me

55 2030 84 2088 ob
112 2032 300 2091 celsitudinis
331 2031 442 2090 Vestrae
473 2029 724 2089 commendaticias
759 2029 873 2090 litteras
903 2047 1012 2091 summa
1042 2031 1195 2092 elementia

54 2137 184 2210 suseepit3
207 2135 334 2196 detinuit
354 2134 430 2193 enim
451 2151 496 2194 me
517 2135 707 2194 reluctantem
729 2151 779 2194 sex
800 2136 876 2210 apud
898 2153 929 2195 se
950 2135 1061 2208 diebus,
1084 2137 1207 2225 nulium,

52 2243 272 2310 pretermittens
293 2257 384 2314 genus
405 2238 503 2312 officii,
536 2257 591 2313 quo
620 2257 664 2300 me
689 2247 786 2313 posset
811 2239 970 2315 honorare;
1001 2241 1093 2314 pollet
1113 2247 1193 2300 55010

53 2345 262 2404 admirabilibus
282 2344 437 2405 virtutibus
458 2350 546 2418 atque
567 2345 658 2404 donis.
690 2345 817 2419 Longius
832 2353 927 2406 autem
948 2347 1092 2420 latiusque
1112 2351 1194 2419 patet

53 2451 107 2522 ejus
126 2451 210 2520 ditio,
225 2452 316 2522 'quam
338 2456 500 2523 putassem3
523 2457 567 2508 ost
588 2451 664 2508 euim
679 2451 708 2508 in
730 2449 910 2524 longitudine
931 2449 994 2510 iere
1013 2450 1071 2509 XX
1090 2449 1193 2510 millia·

51 2555 213 2628 numqua
236 2571 289 2627 ego
311 2571 373 2614 snm
393 2553 452 2612 iter
471 2553 603 2613 15010010
625 2556 767 2614 emetitus.
802 2536 952 2614 Mandavit
972 2557 1049 2624 mihi,
1071 2549 1104 2616 ut
1124 2557 1194 2614 sori·

54 2656 536 2732 1000550015110110510115510500
553 2677 589 2717 ex
610 2660 703 2718 animo
726 2659 846 2734 diligere
867 2677 956 2735 seque
976 2659 1020 2719 illi
1040 2661 1193 2733 plurimum

54 2765 255 2824 commendare.
297 2764 470 2823 Tractentur
498 2764 606 2837 nuptiae
628 2781 691 2823 eum
712 2767 775 2838 ejus
795 2765 999 2825 formosissima
1019 2783 1053 2826 ae
1072 2765 1192 2839 pientis-

53 2868 116 2928 sima
135 2885 237 2928 sorore
259 2875 346 2942 atque
366 2867 562 2928 illustrissimo
584 2869 716 2928 Saxoniee
737 2870 809 2929 duee
830 2868 1014 2942 Willelmo²‚
1042 2869 1117 2943 qnod
1147 2886 1191 2928 se-

54 2981 123 3032 00510
143 2974 219 3033 dieo.
254 2973 345 3045 Spero
366 2989 411 3030 me
432 2980 500 3032 ante
521 2977 628 3047 paseha
649 2973 686 3051 (si
707 2975 787 3034 Deus
808 2975 943 3052 voluerit)
964 2975 1123 3048 Tubingum
1145 2991 1190 3034 re·

53 3077 181 3136 diturum.
232 3077 446 3136 illustrissimus
474 3077 600 3135 Prnssise
633 3077 691 3134 dux
721 3077 913 3150 pulcherrime
945 3079 1040 3150 valet,
1072 3079 1147 3151 quod
1174 3093 1192 3136 a

54 3182 169 3253 quodam
189 3183 255 3255 ejus
276 3181 435 3240 secretario
455 3179 558 3238 rescivi
583 3181 652 3239 mihi
681 3182 793 3240 obviam
820 3180 905 3242 lauto.
948 3181 1121 3242 Commendo
1146 3199 1192 3241 me

54 3283 218 3345 celsitudini
239 3286 352 3343 Vestrae
373 3291 552 3342 reverenter.
593 3285 681 3342 Pater
706 3285 832 3344 ooelestis
857 3292 962 3361 augeat
988 3286 1031 3344 illi
1058 3303 1124 3346 suos
1150 3287 1192 3346 di-

56 3389 127 3448 vinos
147 3391 313 3461 thesauros,
340 3389 469 3460 spiritum
491 3394 521 3445 01
540 3385 626 3446 fidem
646 3404 699 3460 per
720 3388 865 3448 Christum
886 3391 1030 3449 domiuum
1054 3397 1192 3450 nostrum.

122 3513 226 3570 Datum
249 3511 355 3571 Stetini
377 3509 424 3568 die
446 3509 529 3568 XXV
549 3509 720 3568 Novembris
744 3513 827 3569 1559.

200 3633 405 3692 illustrissimae
426 3634 613 3693 Gelsitudinis
634 3634 746 3692 Vestroe
767 3634 1035 3696 observantissimus
1091 3645 1093 3650 ’

947 3741 1113 3812 Vergerina

614 3866 629 3900 5

122 3979 132 4030 1
149 3978 260 4032 John-un
273 3977 374 4036 Alberb
386 3978 405 4042 1,
425 3978 528 4047 herzog
545 3996 577 4031 zu
592 3978 800 4051 Meoklenhnrg,
820 3981 885 4050 gab.
901 3982 976 4046 1525,
996 3981 1099 4054 herzog
1115 3983 1190 4044 1547,

56 4066 69 4124 1
89 4065 157 4130 1516,
173 4065 247 4122 aeine
270 4065 415 4134 gemahliu
437 4067 520 4120 Anna
538 4065 648 4135 Sophia,
667 4067 777 4122 toohter
795 4084 850 4122 ron
869 4067 970 4124 Albert
988 4086 1042 4123 von
1061 4066 1190 4123 Preussen

59 4149 125 4214 1555,
143 4157 157 4220 †
176 4157 250 4210 1591.
289 4151 370 4207 Seine
391 4154 541 4208 rchwester
565 4152 745 4220 hisdenne,
773 4156 835 4224 geb.
856 4157 923 4211 1533
950 4157 1007 4210 nand
1032 4155 1189 4210 heirathete

59 4236 119 4292 1566
135 4241 266 4304 Gerhard,
285 4241 388 4310 herzog
409 4259 462 4295 von
481 4239 615 4305 Kurland,
634 4243 653 4309 †
674 4242 751 4298 1602.

118 4327 132 4378 2
149 4327 173 4382 S.
192 4347 217 4382 n.
238 4329 281 4384 87.
