2852 5076
66 368 121 426 1558
574 369 634 438 157

63 549 103 606 uir
120 547 206 606 uolleu
226 546 296 605 euch
324 545 474 618 gleichuol
502 546 580 604 nicht
607 544 772 617 rerhalten,
802 545 859 604 dat
887 544 938 603 das
966 551 1074 618 paquet
1095 551 1182 605 etwas

63 652 115 710 lbel
133 652 259 710 reruahrt
280 663 423 721 genesen.
465 649 570 705 Actum
591 653 622 705 ut
643 663 738 720 supra.

563 957 655 1018 1558.

582 1131 627 1186 57.

335 1259 460 1346 Verger
484 1281 526 1324 an
552 1259 670 1344 herzog
693 1258 878 1344 Christoph.

396 1399 545 1470 Ttlbiugen
570 1402 584 1454 1
606 1399 718 1459 Jauuar
741 1399 824 1455 1558.

115 1529 212 1599 Verger
229 1530 332 1591 uitat,
357 1529 420 1584 dass
438 1528 560 1584 Isabella
579 1527 742 1596 Mauriquez
760 1527 839 1581 ihren
860 1526 1019 1584 ausenthalt
1036 1531 1065 1584 in
1086 1531 1181 1586 wurt-

58 1625 162 1694 tamberg
177 1626 297 1680 nahmen
316 1625 411 1689 dtirle;
438 1623 562 1694 klludigt
585 1624 660 1677 aeine
689 1622 795 1677 abreise
821 1623 892 1678 uach
912 1623 996 1680 Wien
1022 1643 1075 1690 an;
1102 1626 1178 1682 litte-

58 1720 157 1775 rarisehe
173 1721 363 1791 neuiglreiten.

114 1816 247 1872 Gedruckt
266 1816 314 1870 bei
333 1815 436 1872 habret
454 1816 503 1881 ΙΙΙ,
523 1817 573 1871 560
591 1817 619 1869 ll'.

113 1911 233 1981 Original
250 1912 291 1966 im
310 1912 405 1968 archiv
424 1912 504 1968 nieht
521 1911 601 1967 mehr
619 1914 803 1969 aul'zufinden.

117 2011 307 2069 Illustrissime
329 2011 467 2083 Princeps
490 2012 612 2070 Domine
635 2011 756 2070 Domine
779 2011 1005 2070 Gratiosissimel

117 2115 178 2172 Dixi
199 2116 312 2175 Vestrae
341 2115 528 2188 Celsitudini‚
556 2123 716 2176 matronam
741 2116 861 2186 illam¹‚
893 2133 956 2188 quae
986 2116 1015 2172 in
1048 2115 1183 2174 ducatum

58 2216 169 2277 Vestrum
188 2227 255 2280 ante
277 2235 384 2293 paucos
411 2237 525 2280 menses
546 2229 680 2290 venerat,
712 2222 855 2294 hospitam
881 2237 992 2292 meam,
1024 2219 1182 2292 prolectam

56 2320 124 2382 luisse
143 2325 177 2382 ad
197 2325 270 2384 fines
293 2327 394 2398 Italiae,
416 2333 448 2384 ut
468 2327 684 2399 colloqueretur
704 2343 768 2384 cum
788 2327 911 2394 marito,
938 2343 1002 2384 cum
1027 2324 1117 2384 fratre
1139 2333 1182 2384 at·

56 2428 182 2502 uuefiliis,
203 2448 220 2489 a
241 2429 346 2503 quibus
368 2429 487 2502 obnixe,
516 2437 549 2487 ut
568 2429 598 2487 id
619 2428 744 2500 faceret,
775 2429 939 2501 rogabatur.
981 2429 1094 2487 Deinde
1116 2429 1183 2502 diri,

56 2547 104 2588 eam
120 2535 244 2593 omnihus
266 2535 374 2593 auditis
394 2535 586 2606 permansisse
606 2541 783 2592 constantem
805 2541 833 2592 et
855 2534 1037 2606 respondisse
1058 2535 1087 2592 in
1108 2551 1183 2592 sum-

56 2653 95 2705 na,
112 2655 139 2697 se
159 2656 305 2714 uunquam
326 2640 400 2698 velle
421 2641 450 2696 in
472 2647 608 2713 papatum
624 2641 745 2713 amplius
760 2641 866 2698 redire.
898 2641 981 2700 Nune
996 2641 1084 2712 aliud,
1106 2641 1183 2713 quod

58 2739 81 2799 de
97 2759 127 2802 ea
145 2745 244 2820 dicam,
267 2745 370 2805 habeo.
411 2745 541 2804 Tandem
562 2747 708 2826 maritum,
730 2744 849 2803 fratrem
870 2752 901 2803 et
920 2743 994 2803 filios
1017 2745 1053 2803 ab
1074 2763 1109 2804 ea
1129 2761 1179 2818 pe·

56 2844 124 2919 tiissr,
142 2856 181 2918 ut,
201 2851 226 2907 si
247 2856 331 2908 extra
352 2849 464 2907 ltaliam
484 2857 571 2923 atquo
593 2857 676 2908 extra
696 2855 832 2922 papatum
852 2849 922 2907 velit
942 2850 1059 2923 degere,
1081 2851 1183 2908 saltem
1250 2889 1253 2896 ,

57 2965 83 3006 ne
100 2953 161 3011 alibi
180 2953 280 3027 degat,
312 2973 396 3027 quam
423 2955 453 3013 in
480 2953 586 3013 ducatu
607 2955 719 3013 Vestra
740 2953 939 3024 Celsitudinis;
970 2961 1091 3016 matram
1112 2946 1182 3013 vero

57 3058 237 3130 respondisse,
269 3075 301 3116 se
327 3059 369 3117 ita
393 3053 460 3128 'esse
487 3057 627 3117 facturam
653 3067 682 3117 et
702 3059 757 3116 huc
777 3059 955 3130 redituram,
986 3060 1011 3115 si
1033 3059 1180 3118 Celsitudo

55 3155 140 3218 Vestra
159 3164 339 3222 consenserit
360 3163 539 3235 volueritque
562 3163 605 3218 illi
628 3163 837 3234 protectionem
851 3161 1000 3220 dumtaxat
1015 3162 1183 3222 concedere.

55 3261 109 3323 Hae
126 3269 217 3326 omnia
237 3268 308 3326 mihi
328 3285 381 3341 per
402 3268 577 3339 peculiarem
599 3268 729 3326 nuntium
750 3266 947 3339 significarunt
968 3267 1181 3340 petieruntque,

55 3373 79 3424 ιι
95 3370 171 3429 uelim
191 3374 305 3432 Vestrae
327 3372 497 3432 Gelsitudini
518 3374 698 3446 supplicare,
731 3381 763 3432 ut
790 3375 924 3446 dignetur
952 3380 1087 3432 contenta
1108 3391 1181 3446 esse,

55 3477 78 3528 ut
94 3474 119 3530 iu
137 3477 273 3535 Vestrum
295 3478 429 3536 ducatum
449 3485 535 3550 atque
556 3479 585 3536 iu
600 3479 732 3536 Vestram
753 3477 963 3551 protectionem
986 3493 1048 3534 eum
1069 3495 1120 3554 sua
1141 3477 1183 3537 fa·

56 3574 117 3636 uilia
137 3580 237 3639 redeat
259 3587 289 3639 et
309 3581 387 3640 vivat
408 3582 443 3639 de
466 3599 526 3640 suo.
565 3581 635 3639 Cum
656 3599 725 3653 ergo
747 3582 884 3654 noverim,
906 3581 963 3640 ista
983 3581 1047 3641 fieri
1068 3590 1097 3642 et
1118 3601 1185 3656 sup·

55 3678 135 3746 plicari
154 3687 265 3745 sincere
298 3691 327 3744 et
354 3683 528 3756 christiane,
561 3683 689 3757 nihilque
721 3701 784 3743 esse
811 3683 857 3743 hie
879 3684 991 3744 Vestrae
1013 3685 1185 3746 Celsitudini

55 3789 226 3858 metuendum,
242 3788 451 3846 aCelsitudiue
464 3787 568 3844 Vestra
584 3794 754 3846 reverenter
774 3795 851 3861 peto,
872 3796 905 3849 ut
926 3789 1061 3864 dignetur
1082 3791 1119 3849 ad
1139 3807 1184 3850 mc

55 3891 202 3963 rescribere,
224 3911 261 3952 an
282 3893 321 3951 sit
341 3899 494 3962 contenta,
521 3900 553 3951 ut
573 3893 624 3950 illa
645 3893 760 3952 domina
781 3895 884 3954 redeat
904 3897 956 3956 sub
977 3899 1187 3970 protectionem

54 3987 175 4068 Vestram,
196 3997 274 4069 quod
296 4003 328 4055 ut
347 3995 443 4069 faciat,
466 3997 553 4055 etiam
573 4005 660 4070 atque
682 3999 769 4057 etiam
789 4001 910 4072 supplex
931 4017 990 4059 oro.

118 4099 214 4158 Statim
235 4108 355 4173 accepto
376 4101 429 4159 hoo
446 4101 631 4160 Celsitudinis
647 4101 760 4160 Vestrae
781 4121 929 4176 responso,
952 4105 1029 4176 quod
1050 4105 1085 4163 ad
1107 4106 1186 4162 illam

57 4201 143 4264 possim
162 4206 278 4264 mittere
300 4213 366 4265 aute
387 4221 481 4264 meum
502 4205 667 4278 discessum,
690 4224 744 4279 ego
766 4225 829 4264 eum
846 4211 907 4280 jam
928 4209 1098 4282 putaverim,
1121 4227 1186 4282 qua

608 4329 623 4362 ss

78 4420 379 4490 rmumm
