2830 5072
762 351 824 411 334
1287 346 1343 400 moa

217 515 307 574 bonos
328 517 438 576 nobiles
461 517 632 577 celsitudini
654 519 765 578 Vestrae
794 521 1062 580 observantissimos
1082 521 1289 580 commendatos
1305 523 1343 580 ha·

217 620 302 693 bere3
326 637 388 677 nam
403 622 427 679 si
444 622 471 678 cl.
487 621 675 681 Varnbilerus
695 625 858 697 perrexerit
878 623 1002 696 litigare,
1024 641 1141 682 necesse
1163 625 1301 684 habebunt
1317 626 1344 682 ad

218 724 352 782 Vestrum
373 726 508 782 aerarium
529 728 635 786 redire.
667 727 788 786 Causam
811 745 880 788 vero
901 735 991 788 totam
1013 730 1168 788 abeorum
1188 739 1345 802 praeceptorc

217 829 376 903 intelliget,
407 832 431 888 si
453 831 594 904 voluerit,
627 835 694 891 mali
714 835 787 892 certi
810 835 932 908 exempli
953 851 1087 906 causam,
1119 841 1152 892 ut
1174 852 1226 907 ego
1248 835 1344 908 quidem

216 935 319 993 sentio.
362 935 537 993 Commendo
561 954 606 995 me
634 946 803 997 reverenter
822 939 1028 998 illustrissimae
1050 939 1222 998 Celsitudini
1243 940 1345 996 Vestra.

216 1037 316 1096 Gratia
339 1045 368 1096 et
388 1057 445 1112 pax
466 1040 572 1098 domini
595 1043 686 1098 nostri
706 1041 777 1100 lesu
799 1041 905 1100 Christi
927 1059 990 1099 cum
1011 1042 1070 1100 illa.

315 1146 420 1202 Datum
447 1145 549 1203 i'alae¹
580 1145 657 1220 (nam
688 1149 717 1204 in
744 1147 885 1205 Rhoetiam
914 1148 943 1204 in
977 1148 1089 1204 nomine
1117 1147 1230 1202 Domini
1258 1144 1344 1218 pergo)

220 1253 252 1306 ll
275 1249 374 1307 Martii
398 1251 482 1307 1562.

446 1353 650 1411 illustrissimae
672 1351 860 1411 Celsitudlnis
881 1353 993 1410 Vestrae
1014 1354 1140 1411 servitor

1121 1458 1284 1530 Vergerins

762 1716 825 1772 152.

519 1852 644 1936 Verger
668 1875 710 1916 au
733 1851 851 1936 herzog
875 1850 1060 1937 christoph.

621 1991 698 2050 Ohur
719 1994 755 2048 27
777 1991 858 2050 Mitrz
882 1995 966 2049 1562.

287 2113 431 2168 Beriohlet
450 2112 519 2165 tiber
538 2111 613 2166 seine
632 2111 701 2165 reise
720 2112 793 2168 nach
814 2113 1019 2176 Greubiinden,
1045 2114 1090 2169 die
1118 2115 1344 2181 naohstellungen,

218 2210 263 2263 die
284 2226 349 2263 man
367 2209 426 2263 ihm
447 2208 566 2262 bereitet
584 2209 658 2263 habe
676 2209 733 2261 und
747 2210 799 2264 wie
812 2227 841 2262 er
854 2209 1003 2264 denselben
1018 2213 1182 2280 autgangen
1196 2211 1233 2264 sei
1240 2233 1246 2275 ;
1265 2212 1346 2275 ueuig-

217 2305 310 2359 lreiten
332 2323 386 2358 von
407 2305 470 2358 dem
490 2306 580 2360 concil
599 2323 632 2358 au
650 2305 754 2359 Trient.
979 2303 981 2308 ’

298 2403 495 2461 lllustrlssime
518 2403 655 2476 Princeps
676 2410 706 2461 et
727 2404 849 2462 Domine
871 2405 993 2462 Domine
1015 2405 1256 2464 clementissime!

295 2506 366 2565 Cum
387 2509 433 2566 die
457 2511 492 2565 10
506 2511 657 2581 praesentis
674 2511 778 2568 mensis
792 2509 923 2581 Tubinga
938 2511 1141 2580 discessissem,
1168 2513 1235 2566 14v⁰
1250 2509 1346 2583 quidem

213 2613 260 2671 die
281 2613 451 2672 Lindaviam
475 2613 548 2686 veni,
570 2631 669 2671 verum
691 2631 777 2686 quum
800 2614 904 2702 vellem
923 2615 1070 2687 trajicere,
1092 2615 1199 2672 oblatae
1214 2621 1276 2672 sunt
1292 2612 1346 2671 mili

214 2725 305 2775 ternae
326 2719 432 2777 litterae
454 2735 470 2776 a
491 2719 656 2778 consulibus
678 2725 707 2776 et
727 2721 865 2777 ministris
880 2719 1010 2778 ecclesiae
1025 2718 1179 2791 curiensis,
1201 2720 1345 2778 aRomaue

215 2823 294 2882 urbis
316 2829 345 2880 et
366 2840 384 2880 a
403 2823 523 2880 Venetis
544 2823 711 2897 quibusdam
734 2822 886 2894 fratribus,
918 2823 1019 2895 qulbus
1044 2825 1183 2882 monebar
1204 2825 1294 2890 serio,
1320 2827 1344 2876 ut

214 2943 347 2985 caverem
368 2928 449 3000 mihi3
481 2928 588 3000 Papam
616 2929 692 2984 enim
719 2927 868 2986 rescivisse
896 2927 932 2984 de
957 2943 1021 2985 rneo
1042 2927 1071 2984 in
1093 2927 1235 2985 Rhaetiam
1255 2927 1342 2992 reditu,

155 3040 158 3046 '
215 3048 303 3103 quare
325 3031 498 3104 disposuisse
520 3031 637 3089 insidias
650 3029 676 3101 ²,
702 3037 762 3089 tum
783 3046 835 3102 per
857 3030 1002 3089 Helvetios
1023 3029 1061 3104 (si
1081 3030 1150 3088 illuc
1170 3026 1342 3102 transissem),

215 3142 275 3193 tum
297 3138 327 3193 in
348 3136 453 3209 oppido
474 3135 571 3207 Empe,
593 3140 653 3190 tum
673 3135 702 3190 in
724 3132 829 3206 oppido
848 3131 1036 3204 Feldlrirchii,
1057 3134 1117 3190 sive
1132 3133 1162 3190 S.
1174 3134 1262 3204 Petri,
1279 3128 1342 3203 quod

215 3247 260 3296 est
273 3239 404 3311 Caesaris,
426 3245 456 3297 et
476 3257 536 3296 rem
558 3256 620 3297 esse
642 3243 758 3308 certam,
779 3237 836 3294 imo
856 3237 1007 3294 mandasse
1029 3238 1124 3306 etiaim,
1147 3244 1180 3295 ut
1201 3239 1290 3295 statim
1306 3234 1345 3290 dc·
1394 3221 1395 3228 ¹

214 3345 375 3416 prehensus
395 3359 528 3400 servarer
548 3342 658 3414 aliquot
679 3340 781 3400 diebus
801 3342 831 3398 in
852 3341 982 3412 proximo
1003 3341 1110 3413 oppido
1131 3341 1238 3413 Emps,
1259 3337 1345 3398 deindo

214 3447 334 3506 Romam
355 3445 495 3504 mitterer.
536 3446 599 3503 Hoc
619 3445 708 3517 igitur
728 3445 829 3503 nuntio
859 3461 895 3502 ex
922 3445 1014 3503 ternis
1040 3446 1148 3502 litteris
1176 3443 1346 3504 concordibus
1393 3433 1394 3440 '

215 3552 315 3612 audito
337 3552 448 3622 gratias
468 3550 514 3622 egi
535 3551 606 3622 Deo,
628 3551 677 3622 qui
698 3566 743 3608 me
763 3549 936 3608 monendum
956 3556 1073 3622 putaret
1093 3549 1129 3607 de
1151 3549 1286 3621 periculo,
1305 3548 1345 3603 im-

785 3679 800 3712 s

286 3785 412 3840 lTalal
441 3785 477 3838 ob
503 3783 672 3838 Thalheim?
699 3784 766 3838 aber
792 3801 847 3838 von
870 3783 923 3838 den
950 3781 1166 3837 verschiedenen
1192 3779 1343 3838 ortsehalten

217 3873 460 3940 Wiirttembergs,
489 3871 534 3926 die
562 3871 656 3926 diesen
682 3889 782 3926 namen
801 3874 915 3940 tregam,
944 3869 1015 3940 liegt
1033 3869 1116 3924 keine
1136 3869 1187 3924 auf
1202 3871 1262 3925 dem
1278 3881 1341 3934 wege

214 3977 269 4016 von
289 3959 441 4029 'l'iibingen
459 3959 533 4014 nach
552 3959 752 4014 Graubiinden.

284 4046 388 4100 2Eine
406 4045 596 4100 ausluhrliehe
623 4044 828 4114 besehreibung
852 4042 942 4096 dieser
967 4043 1201 4112 nachstellungen
1229 4041 1296 4096 siehe
1320 4037 1342 4088 in

214 4132 306 4188 einem
325 4133 401 4187 brief
418 4133 538 4202 Vergers
556 4151 591 4188 an
612 4132 702 4196 Batti,
730 4132 764 4186 de
783 4131 868 4184 Porta
887 4130 920 4193 ΙΙ,
944 4132 1001 4184 176.
1039 4130 1095 4183 Der
1113 4130 1190 4184 brief
1205 4131 1264 4183 kam
1281 4122 1340 4179 auch

213 4221 255 4275 als
273 4221 384 4290 eigenes
403 4219 574 4274 schriftehen
602 4217 713 4273 heraus:
751 4217 785 4270 Al
805 4216 900 4285 signor
918 4217 1071 4271 Franceseo
1092 4217 1175 4271 Betti.
1215 4213 1285 4269 Delle
1307 4211 1340 4262 in·

212 4308 283 4362 sidie
302 4311 355 4362 ete.
376 4308 408 4360 15
420 4306 501 4376 April
516 4307 592 4362 1562.
612 4306 707 4374 Serap.
726 4323 747 4358 s.
766 4305 807 4359 98.
826 4323 853 4358 n.
877 4305 934 4358 111.
964 4304 1021 4358 Das
1039 4303 1138 4357 datum
1158 4303 1222 4356 mult
1241 4303 1268 4355 15
1278 4297 1339 4350 lieu

212 4392 323 4458 heillen,
344 4393 380 4447 da
399 4393 507 4462 Verger
526 4394 579 4448 den
598 4394 631 4448 26
650 4393 725 4448 Mara
744 4393 773 4446 in
793 4393 867 4447 Ohur
885 4393 998 4447 aintraf.
