2852 5076
777 355 836 416 lto
1313 351 1360 404 ross

234 523 305 596 cipis
325 522 416 582 nostri
437 537 469 582 se
490 537 554 580 cunr
575 523 634 580 suis
655 523 806 584 submittat
826 541 942 596 suaeque
958 523 1139 584 celsitudinis
1159 523 1287 596 desuper
1306 524 1363 582 datis

234 626 445 699 cognitionibus
465 627 619 698 tranquille
642 635 672 686 et
692 627 809 701 pacifice
831 630 909 688 rivet
934 636 963 686 et
990 631 1164 702 acquiescat.
1205 629 1246 686 Et
1275 631 1297 684 si
1322 628 1363 686 tor·

232 733 317 790 tassia
337 732 383 790 vel
404 737 566 804 temporum
587 733 661 790 ratio
685 734 730 790 vel
751 733 873 792 aliarum
894 749 1043 792 musarum
1066 726 1231 794 necessitas
1247 731 1364 802 itafcrat,

234 844 266 896 ut
286 854 347 896 sua
367 835 532 900 celsitudini
552 840 717 896 autminus
738 838 900 902 consultum
920 844 972 896 ant
991 839 1107 910 grauium
1128 855 1192 898 csse
1216 839 1298 908 velit,
1326 839 1364 910 ipsi

233 959 297 1002 curn
315 943 375 1002 suis
393 942 421 1000 in
433 941 488 1000 hoc
499 941 605 998 ducatu
616 956 669 998 suo
681 940 789 998 diutins
801 940 955 1012 nospitium
966 941 1106 1013 praebere,
1123 949 1157 1000 ut
1173 950 1244 1000 tuuc
1257 941 1364 1000 ιιιιιιιιι-

235 1054 282 1106 tus
302 1045 410 1122 absque
432 1045 616 1104 recusatione
638 1045 732 1102 locum
753 1049 859 1110 ιιιιιιιι,
882 1045 911 1102 ιιι
933 1061 989 1118 quo
1010 1051 1107 1104 muron
1128 1062 1197 1104 casu
1218 1061 1281 1104 earn
1302 1045 1365 1104 celsi-

233 1150 342 1210 tudinis
362 1167 421 1208 suse
442 1149 548 1210 sentiet
568 1149 777 1222 benignitatem
799 1155 829 1206 et
849 1151 935 1208 antimi
957 1150 1231 1222 promptitudinem
1260 1167 1295 1208 ne
1314 1150 1365 1222 quil

235 1255 392 1314 christiano
413 1257 544 1327 principe
567 1261 596 1310 ct.
618 1272 677 1312 snae
699 1254 878 1314 celsitudinis
900 1255 1078 1325 protectione
1108 1255 1259 1328 indignum
1284 1255 1333 1314 sibi
1355 1271 1365 1310 n

236 1359 410 1418 celsitudine
440 1361 504 1432 ejus
532 1361 687 1432 contigisse
718 1361 805 1431 justis
836 1359 872 1418 dc
903 1360 996 1420 causis
1024 1361 1161 1432 conqueri
1198 1360 1297 1431 possit.
1338 1359 1364 1414 n
1407 1342 1415 1399 'l

234 1464 349 1537 «puidam
377 1480 429 1522 sua
459 1464 600 1524 celsitudo
630 1481 665 1522 ex
687 1466 790 1522 vestris
811 1465 1107 1524 commendationibus
1128 1465 1182 1524 sibi
1204 1466 1322 1524 vicissim
1341 1463 1365 1517 dr
1412 1501 1413 1547 3

235 1571 285 1630 illo
307 1577 413 1630 certant
435 1587 514 1642 sprern
544 1571 629 1642 iacit,
657 1588 719 1630 cern
748 1573 860 1632 corruitis
887 1577 918 1628 ot
946 1573 1034 1628 totins
1061 1571 1177 1628 tantillae
1206 1570 1295 1642 ipsius
1319 1567 1365 1625 lon

235 1675 424 1747 modestiam,
457 1683 489 1734 ut
518 1677 596 1748 leges
622 1675 739 1747 hospitii
767 1693 823 1734 non
851 1675 889 1734 sit
917 1681 1149 1747 transgressurus
1177 1681 1208 1731 et
1229 1677 1270 1732 ita
1289 1688 1366 1744 neque

235 1779 393 1838 clanculum
416 1793 509 1852 neque
531 1797 566 1836 cx
588 1777 716 1851 professo
743 1777 856 1850 publice
888 1778 933 1837 vol
962 1780 1061 1850 quovis
1088 1779 1144 1838 olio
1172 1779 1278 1849 niodo,
1306 1776 1366 1849 qnod

233 1900 312 1956 parre
334 1889 363 1942 et
384 1885 504 1944 sinceras
526 1884 695 1942 confessioni
721 1883 789 1942 fidei
813 1891 842 1941 et
855 1883 961 1942 Christi
974 1884 1155 1956 adversetur,
1177 1885 1216 1942 sit
1236 1884 1366 1955 simplexn-

235 2004 294 2059 ιιι,
317 1987 361 2048 rel
383 1990 469 2048 ctiam
490 1989 543 2048 sub
563 1989 659 2061 sperio
682 1995 711 2046 ct
725 1989 958 2060 praetoxtnverbi
974 1990 1028 2048 Dei
1046 1989 1202 2063 quidquam
1225 1987 1366 2052 molituros,

235 2091 312 2166 quod
333 2094 377 2152 rel
398 2096 538 2153 universae
560 2095 661 2166 patriae
690 2095 735 2150 vel
763 2095 829 2152 hnic
858 2096 974 2156 ducatui
1005 2095 1051 2152 rel
1079 2095 1167 2152 etiam
1192 2107 1320 2152 caesareae
1346 2097 1365 2146 ιι

234 2199 321 2270 regia
346 2198 505 2270 Majestati,
531 2199 634 2270 quibus
652 2199 782 2256 oratinibus
799 2217 850 2258 sua
873 2199 1023 2270 celsitudo,
1045 2205 1077 2258 nt.
1098 2215 1210 2270 aequrnn
1233 2205 1285 2267 est,
1302 2202 1367 2253 certo

233 2299 374 2374 religione
395 2307 426 2358 et
446 2300 629 2360 observantia
657 2303 790 2361 devincto
812 2311 863 2368 cst,
887 2305 914 2362 in
937 2303 1120 2377 despectum,
1141 2303 1312 2376 periculum,
1332 2297 1366 2354 vel

235 2406 335 2478 «paonis
356 2405 411 2462 elio
433 2406 517 2464 modo
539 2405 743 2466 detrimentum
765 2408 802 2466 sit
824 2416 1029 2480 prouenturum
1051 2409 1095 2466 rel
1121 2425 1301 2492 recasurum,¹
1326 2401 1366 2460 sed

235 2508 280 2584 (nt
302 2511 462 2570 sunnnatinn
484 2511 610 2584 dicatur)
638 2511 730 2584 ipsnnn
759 2513 801 2572 ita
829 2532 890 2571 cnnn
919 2516 977 2573 suis
1005 2513 1052 2572 bic
1072 2516 1233 2580 victurum,
1264 2517 1295 2568 nt
1312 2512 1366 2576 nita

235 2614 371 2688 moribus,
394 2616 525 2688 exemplo
553 2625 582 2674 et
602 2617 780 2688 professione
803 2621 839 2678 ab
860 2620 991 2678 ornrnibus
1012 2626 1113 2693 aperte
1136 2620 1262 2690 conspici
1283 2613 1366 2688 possit
1413 2623 1416 2628 '¹

236 2733 298 2776 eam
332 2717 428 2794 (quara
449 2735 509 2792 prus
530 2736 560 2778 sc
589 2719 658 2795 ieri)
687 2739 783 2780 reram
815 2723 894 2780 exilii
921 2725 965 2781 sui
992 2739 1055 2782 esse
1082 2739 1206 2782 causam.
1249 2723 1367 2780 Ceterum
1415 2717 1416 2720 ’

235 2827 372 2895 quamtum
387 2823 422 2880 'in
444 2822 615 2882 celsitudine
637 2841 690 2884 sira
711 2827 768 2883 erit
789 2833 984 2900 quesitumque
1005 2844 1169 2886 communes
1185 2827 1266 2902 leges
1280 2825 1366 2898 patria

235 2925 344 2996 ierant,
373 2929 402 2986 in
431 2926 475 2986 bis
500 2945 553 2988 sua
582 2931 723 2990 celsitudo
744 2933 898 3004 pollicetur
918 2933 962 2990 illi
992 2950 1075 2992 suum
1105 2932 1233 2992 studium
1262 2938 1290 2989 et
1316 2945 1366 2986 earn

232 3031 458 3104 protectionem,
486 3049 570 3104 quarn
598 3036 690 3106 quivis
718 3032 863 3092 conicssor
883 3035 989 3093 Olnisti
1011 3035 1147 3096 confratri
1171 3054 1223 3095 suo
1244 3041 1365 3108 prasina
1415 3055 1416 3064 ι

234 3138 360 3192 tenetur.

313 3237 396 3308 Quod
417 3256 484 3298 vero
505 3240 542 3298 ad
562 3241 712 3314 prologum
734 3243 855 3315 attinet,
882 3260 966 3314 quem
987 3245 1128 3317 apologico
1149 3242 1366 3304 B1·entiiItalicn
1415 3257 1416 3348 ι

232 3358 363 3400 sermone
379 3346 501 3404 versioni
521 3354 625 3404 vestrae
646 3349 821 3418 praemittere
843 3349 993 3420 statuistis,
1015 3353 1043 3408 in
1065 3367 1099 3407 co
1119 3357 1229 3424 praeter
1248 3351 1286 3422 id,
1306 3344 1366 3421 qnod
1415 3349 1416 3420 l

232 3448 326 3506 dictus
347 3447 482 3508 Brennus
502 3452 674 3524 assignarit,
703 3453 843 3512 celsitudo
870 3472 922 3512 sua
943 3456 1031 3514 etiam
1052 3456 1123 3514 nibil
1145 3456 1304 3522 desiderat,
1329 3449 1367 3508 sen

232 3554 341 3626 poterit
361 3557 521 3626 paternitas
550 3563 646 3616 rostra
672 3559 708 3618 ad
735 3561 948 3632 propagandam
978 3567 1007 3619 nt
1035 3562 1237 3620 illustrandam
1263 3559 1365 3632 gloriam

232 3656 284 3716 filii
301 3659 363 3729 Dei,
388 3661 463 3718 unici
485 3661 651 3720 irrediatcris
673 3665 1016 3756 ctredcmptorisnostri²
1039 3685 1073 3728 eo
1095 3684 1150 3740 quo
1172 3669 1306 3726 luecienns
1319 3669 1365 3721 stu·

234 3764 282 3822 dio
304 3773 334 3824 et
355 3767 417 3824 zelo
438 3767 591 3840 progredi,
620 3769 711 3828 Dounn
739 3773 876 3844 optimum
905 3773 1057 3832 unianimam
1085 3788 1121 3829 cx
1141 3775 1237 3830 animo
1258 3778 1366 3830 orantes.-

232 3875 265 3928 nt
285 3871 489 3942 paternitatem
511 3879 635 3933 vestram
663 3877 691 3933 in
719 3877 772 3934 boc
793 3894 861 3935 uero
883 3878 1039 3940 christiano
1061 3884 1090 3938 et
1112 3879 1266 3950 episcopali
1286 3871 1365 3934 offitio

233 3979 333 4030 sancto
355 3990 405 4030 suo
427 3975 528 4047 spiritu
557 3977 701 4048 gubernet
728 3979 833 4051 diuque
866 3981 994 4040 ecclesiae
1022 3999 1081 4040 suae
1109 3983 1218 4042 salvum
1246 3989 1274 4041 et
1301 3981 1365 4036 inco·

231 4077 336 4136 lumem
366 4088 526 4140 consen-rot.
579 4083 649 4152 Quae
678 4084 773 4140 omnnia
801 4101 836 4140 ex
868 4085 1003 4144 mandato
1033 4087 1220 4146 illustrissimi
1246 4081 1365 4160 principis

231 4180 323 4238 nostri
345 4184 513 4253 parternitati
536 4191 653 4258 vestra,
677 4189 723 4244 cui
745 4230 1108 4248 .............
1130 4192 1254 4258 libenter
1271 4183 1363 4262 gratifi-

230 4300 329 4344 camur
350 4286 513 4359 significare
536 4288 696 4352 (tabuimus.

307 4391 392 4450 Data
414 4391 581 4468 Studgarda
607 4399 638 4452 ll
662 4396 831 4454 Decembris
851 4413 927 4457 antro
949 4406 1003 4458 etc.
1027 4403 1074 4460 oo.
