2830 5078
1308 324 1356 377 isso

232 497 270 556 sit
291 515 363 556 unus
384 513 420 556 ex
440 497 579 568 articulis,
602 496 677 570 qnod
698 513 783 569 reges
804 496 930 556 debeant
950 513 1106 570 procurare
1129 499 1289 556 universale
1307 515 1355 556 eon·

232 602 346 672 ollium,
378 609 410 658 uu
430 603 484 673 ipsi
506 604 544 674 pii
566 603 641 659 oruni
663 601 759 658 studio
781 601 931 672 laborent,
965 620 999 660 ne
1021 603 1073 660 sub
1094 609 1240 675 praetextu
1269 602 1355 659 aoncilii

232 705 402 765 universalis
423 713 453 763 ot
474 723 529 763 non
551 705 636 762 liberi
658 721 751 778 neque
774 706 920 764 christiani
941 690 1119 778 opprimatur·
1141 709 1258 773 veritas,
1278 707 1303 763 in
1321 708 1357 764 hoo

232 809 337 880 monui,
358 815 389 866 ιιι
410 809 542 867 laborent
563 815 650 883 utque
672 818 703 866 ιιι
724 811 835 868 interea
858 809 1023 880 perficiant,
1046 817 1078 866 ιιι
1098 826 1149 867 rex
1170 810 1309 882 aliquibus
1325 811 1357 866 lit-

234 915 304 970 leuls
325 914 439 986 seriptis
460 913 566 971 debeat
588 921 700 971 rrostras
722 913 857 971 ecclesias
878 914 1021 972 consolari
1043 920 1072 970 et
1093 914 1237 988 profiteri,
1266 932 1292 972 so
1311 915 1356 971 nul·

232 1017 290 1074 lnnn
310 1015 389 1075 aliud
404 1018 553 1076 concilium
569 1023 788 1090 procuraturum
807 1034 899 1090 neque
916 1019 944 1076 iu
962 1018 1051 1076 ullum
1068 1034 1284 1090 consensurum,
1302 1019 1359 1091 qnod

232 1138 288 1178 non
310 1121 431 1178 liberum
453 1128 540 1193 atque
563 1121 747 1180 christianum
763 1119 891 1178 futurum
909 1122 955 1178 sil.
987 1122 1068 1178 Tune
1081 1122 1195 1194 legal-us
1215 1123 1358 1195 respondit:

232 1225 299 1283 Sine
321 1242 365 1283 me
392 1223 503 1292 lacere,
534 1243 596 1282 uranu
618 1241 717 1296 spero,
743 1233 773 1284 te
795 1225 903 1298 aliquid
924 1226 1087 1297 hujusmodi
1108 1226 1281 1298 propediem
1300 1227 1360 1284 andi·
1405 1236 1410 1312 j

232 1337 327 1388 turum
349 1329 384 1386 de
406 1328 511 1387 talibus
532 1330 637 1388 litteris
657 1331 827 1401 praesertim,
849 1335 949 1400 postea
971 1329 1007 1386 de
1028 1346 1059 1386 re
1081 1331 1150 1401 ipsa.
1180 1330 1357 1388 illustrissime
1408 1375 1409 1379 ,

233 1433 378 1505 Princeps,
399 1435 455 1491 isla
476 1439 521 1490 est
541 1433 667 1503 practica
690 1433 767 1490 nullo
788 1433 873 1490 modo
895 1433 1120 1502 contemnenda,
1148 1435 1206 1490 imo
1228 1433 1325 1491 alenda
1340 1443 1361 1490 et

234 1535 427 1607 promovenda
450 1539 525 1594 ornui
547 1537 650 1593 studio.
692 1537 787 1594 Multa
808 1536 891 1594 simul
913 1538 941 1594 in
964 1537 1017 1594 hoo
1045 1553 1151 1608 genere
1180 1555 1288 1596 meeum
1313 1555 1361 1594 oon·
1407 1555 1409 1612 5

233 1640 301 1698 tulit
314 1639 350 1697 de
369 1656 446 1713 rege,
466 1641 501 1698 de
518 1641 618 1714 regina
632 1641 648 1708 ¹,
672 1641 707 1699 de
724 1640 859 1712 delphino
871 1639 889 1709 ²,
912 1641 948 1698 de
963 1643 1063 1713 regina
1074 1641 1178 1700 Saotlue
1193 1642 1211 1712 ³,
1234 1643 1270 1700 de
1284 1657 1361 1700 sorore

233 1744 342 1816 regis‘‚
364 1743 456 1815 «leque
479 1744 543 1804 aliis
563 1745 749 1816 prirnoribus,
781 1747 968 1818 aperuitque,
1000 1731 1116 1818 guinem
1138 1745 1257 1804 faveant
1277 1762 1360 1804 reuera

233 1853 339 1906 uostrae
360 1865 463 1920 causae,
485 1858 514 1905 et
536 1850 585 1921 qui
606 1866 676 1914 non,
710 1857 834 1921 quantus
856 1851 893 1907 sit
914 1851 942 1907 in
964 1849 1059 1908 Gallia
1080 1851 1243 1920 praesenrim
1263 1850 1361 1908 Parisiis
1411 1877 1412 1884 ι

234 1968 369 2012 uumerus
391 1970 500 2022 eorum,
521 1955 570 2024 qui
592 1951 664 2012 beue
686 1955 822 2024 sentiunt,
845 1961 873 2010 ιι
897 1970 981 2026 quam
1003 1961 1117 2027 speret,
1141 1971 1196 2012 non
1218 1970 1300 2026 posse
1317 1970 1361 2011 an·
1411 1995 1412 2000 η

232 2057 306 2128 plius
326 2059 447 2118 retineri
468 2057 657 2129 evangelium,
679 2073 716 2116 ne
737 2065 903 2131 perrumpat
927 2065 1015 2132 atque
1034 2060 1137 2116 vineat.
1167 2059 1248 2117 ldem
1265 2059 1362 2132 legatus

234 2163 325 2234 primo
346 2168 465 2235 aspectu
486 2161 601 2220 videtur
619 2163 733 2233 jnnion·,
762 2179 860 2221 verum
881 2163 979 2234 attigit
1000 2163 1250 2235 quadragesimum
1276 2178 1362 2230 nonum
1401 2178 1407 2189 ·

234 2281 354 2333 annum;
385 2265 467 2324 valde
489 2274 533 2323 est
554 2268 582 2321 in
604 2265 795 2337 legationibus
816 2268 1006 2336 exoneratus,
1038 2273 1081 2326 esi
1106 2268 1208 2326 doctus
1236 2269 1319 2326 latine
1341 2272 1363 2321 et
1411 2311 1412 2316 ,

232 2385 325 2440 graues
356 2370 555 2442 neminemque
577 2369 666 2428 habet
687 2388 722 2427 ex
754 2373 812 2450 suis
845 2369 1052 2441 l'urniliariinus,
1084 2373 1132 2443 qui
1162 2387 1220 2428 uon
1246 2381 1362 2444 agnoscat
1411 2433 1412 2438 η

234 2474 334 2532 desum
356 2472 509 2532 Christum.
552 2473 669 2545 Collega
690 2482 788 2532 autem
810 2474 900 2546 ejns⁵‚
923 2475 1037 2547 alioque
1058 2474 1150 2533 bouus
1171 2475 1312 2545 dominus,
1330 2479 1363 2530 est

234 2578 411 2634 amarissimo
433 2578 461 2634 in
485 2585 610 2635 nostram
631 2577 799 2648 religionem
822 2578 882 2636 zelo
905 2585 934 2635 et
954 2577 1067 2649 olfacio,
1090 2579 1188 2636 datum
1210 2596 1272 2636 asse
1293 2593 1363 2650 opera

234 2679 386 2738 cardinalis
407 2679 613 2752 Lotlneningrl,
643 2682 734 2739 veluti
754 2681 901 2738 custodem
922 2656 1142 2753 archiepiscopi,
1171 2699 1235 2739 oum
1256 2684 1363 2754 suspica-

233 2789 323 2856 retur,
346 2802 410 2844 eum
433 2800 495 2842 osse
517 2801 553 2844 ex
576 2785 690 2842 uostris.
732 2785 832 2850 Video,
855 2783 1062 2843 celsitudinem
1085 2785 1218 2844 Vestram
1246 2787 1362 2852 seribere,

236 2895 291 2947 non
314 2904 376 2946 esse
397 2894 490 2947 tutum
520 2905 612 2960 neque
633 2889 805 2954 consultum,
836 2895 869 2946 ut
889 2896 1003 2960 egomet
1024 2891 1183 2962 Augustam
1206 2907 1280 2950 nune
1298 2904 1363 2948 acoe-
1410 2929 1411 2958 ;

235 2991 300 3050 dam
320 2997 440 3064 propter
459 2996 567 3048 metum
587 2991 804 3064 pharisoeorum.
836 2991 900 3049 Nou
915 2991 1066 3059 contendo,
1087 2993 1315 3066 quandoquidem
1333 2994 1364 3050 ιι·
1410 3041 1411 3062 ,

234 3094 288 3152 deo
310 3094 421 3152 Vestrae
443 3093 593 3166 sapientiae
614 3095 655 3152 sio
670 3095 770 3164 videri,
793 3094 913 3154 manebo
925 3096 1011 3166 domi,
1033 3096 1084 3154 sed
1101 3113 1194 3154 mearn
1208 3101 1363 3157 seutentiam

235 3199 337 3270 diuam,
358 3199 382 3255 si
403 3199 559 3270 potuissem
570 3200 709 3271 Augustae
727 3217 802 3258 nune
824 3216 886 3258 osse
909 3199 1035 3274 (etiamsi
1055 3201 1219 3262 debuissem
1240 3220 1283 3261 ure
1303 3202 1362 3260 domi
1403 3248 1408 3273 ,

234 3303 390 3374 continere,
411 3303 484 3361 illud
504 3304 574 3362 nilnil
595 3310 721 3364 moratus
741 3303 881 3381 fuissem),
909 3303 1039 3378 profecto
1061 3322 1223 3378 sperassem
1244 3324 1297 3366 nou
1317 3305 1362 3363 eri·

233 3425 320 3482 gunm
342 3405 475 3466 fructum.
508 3406 578 3465 Cum
600 3407 675 3466 euim
695 3407 750 3464 isle
767 3406 900 3466 videatur·
920 3406 988 3466 milri
1009 3407 1164 3480 condidere,
1186 3411 1268 3482 plura
1287 3408 1364 3467 adduc
1406 3408 1410 3480 l

802 3504 817 3536 l:

305 3584 319 3636 l
339 3579 496 3635 Katherina
515 3595 568 3634 von
584 3579 695 3643 Medici,
715 3579 760 3634 die
781 3579 854 3635 nauh
868 3579 930 3634 dam
943 3578 1009 3634 dode
1022 3579 1095 3634 ihres
1107 3581 1235 3649 gemahls
1247 3576 1361 3635 womero

233 3671 283 3724 der·
300 3667 451 3738 regiarung
468 3666 544 3722 ihrer
562 3667 578 3721 3
597 3667 684 3722 sdhne
703 3667 756 3744 den
777 3669 889 3736 grdsien
910 3665 1020 3720 einfluss
1039 3665 1090 3720 anrf
1103 3667 1148 3722 die
1163 3668 1361 3738 gesehdftenus·

233 3753 310 3806 unte.
347 3753 373 3808 S.
393 3771 420 3807 n.
442 3755 499 3808 142.
521 3755 578 3809 176.

304 3839 427 3894 anu-sna
445 3841 480 3905 ιι,
502 3841 589 3909 konig
609 3843 641 3894 ιι
660 3841 719 3894 surr
740 3842 814 3904 nsso,
835 3847 851 3908 ι
871 3847 886 3894 ι
908 3842 1061 3896 oeoomuer
1082 3842 1156 3896 1560.
1195 3843 1220 3896 s.
1239 3861 1262 3896 n.
1281 3841 1328 3895 nou
1409 3821 1410 3912 l

304 3929 320 3980 3
338 3927 428 3981 Maris
446 3928 550 3992 Stuart,
570 3927 714 3999 gemahlin
732 3945 788 3983 von
808 3929 896 3983 Franz
914 3928 949 3983 Il.
1302 3933 1306 3942 '

302 4015 520 4085 4Margaretha
544 4033 598 4071 von
617 4014 713 4070 Valois
740 4033 777 4072 an
805 4017 860 4070 den
885 4016 988 4084 herzog
1011 4016 1151 4100 l'hilibert
1176 4033 1228 4070 von
1245 4014 1355 4079 Savopen

232 4101 380 4156 vermiihlt.
416 4101 442 4154 S.
461 4119 488 4155 u.
512 4103 569 4156 123.

304 4190 320 4241 5
339 4188 510 4244 Bourdillon.
1051 4247 1054 4251 ,

301 4277 317 4329 6
337 4275 405 4330 Karl
424 4274 516 4339 Guise',
535 4275 692 4331 ernbisohof
708 4292 762 4330 von
777 4276 889 4332 iiheims
909 4275 966 4330 und
984 4277 1110 4332 cardinal
1124 4294 1178 4332 von
1192 4273 1355 4337 bethungen.

232 4362 332 4432 grosser
353 4379 459 4433 gegner
478 4363 527 4418 der·
545 4365 748 4432 protestantem.
785 4363 810 4418 S.
831 4381 857 4418 n.
878 4365 935 4418 177.
