2862 5080
54 328 112 383 moa
401 315 403 322 ’
575 329 636 390 349

51 503 148 574 miores,
168 506 287 574 agerent
306 500 362 573 ipsi
383 499 420 558 de
441 495 574 558 ioedere'?
596 498 649 556 boe
669 511 800 570 propono
821 495 1070 578 considerandum.

115 606 181 662 Mihi
201 611 279 665 certe
300 621 356 663 nou
378 603 528 662 videretur
548 603 754 671 inconsultum,
780 602 804 660 si
830 607 966 676 agerent;
997 601 1076 673 Papa
1103 602 1179 660 enim

50 710 148 770 omuino
168 709 317 768 minitatur
337 708 443 768 bellom
465 713 496 766 et
517 708 636 765 multum
666 713 766 780 posset
794 705 997 766 illustrissimis
1017 706 1180 765 Germaniae

50 814 207 888 principibus
227 814 457 880 incommodare,
479 815 503 872 si
524 815 585 886 ipse
606 819 703 887 posset
724 829 787 870 enm
810 811 934 870 dominis
955 811 1065 870 libantis
1086 809 1179 872 foedos

49 918 137 980 locere.

113 1024 221 1083 Dixerit
242 1025 360 1097 aliquis:
390 1023 496 1083 domini
517 1023 612 1082 Rhoeti
632 1039 685 1096 pro
707 1022 809 1094 majori
837 1029 920 1094 perte
947 1023 1087 1094 complexi
1113 1029 1180 1082 sunt

47 1131 175 1200 puriorem
194 1129 339 1201 evangelii
360 1129 528 1200 doctrinam,
550 1143 639 1202 qnare
662 1143 717 1186 nou
740 1134 784 1186 est
805 1127 953 1200 credibile,
974 1127 1051 1200 quod
1071 1143 1102 1186 se
1120 1127 1178 1186 vel-

47 1235 98 1291 lent
115 1234 196 1307 Papae
215 1233 391 1306 adiungere,
413 1235 574 1307 praesertim
597 1239 698 1292 contro
718 1233 926 1292 illustrissimos
946 1234 1091 1304 principes
1110 1248 1177 1306 pro·

47 1343 179 1396 testantes
221 1339 373 1410 Concedo,
394 1355 450 1396 uon
471 1354 502 1396 se
524 1339 735 1411 conjungerent
755 1337 857 1410 Paper,
887 1337 939 1396 sed
959 1338 982 1394 si
1000 1335 1110 1411 ,Caesari
1132 1337 1177 1396 rel

47 1443 170 1516 Philippo,
191 1443 395 1516 Hispaniarum
416 1444 488 1515 regi,
510 1459 632 1516 quorum
653 1447 775 1514 uterque
797 1449 842 1502 cst
862 1442 985 1512 vicinus,
1008 1459 1039 1500 se
1060 1443 1178 1514 coniun-

46 1553 141 1617 gerent,
160 1547 237 1606 idam
259 1553 344 1615 esset,
365 1564 399 1606 ac
419 1551 443 1605 si
464 1547 552 1620 Papa
572 1563 603 1606 se
625 1549 846 1620 conjungerent.

110 1652 166 1710 Ino
188 1651 282 1710 dicam
309 1652 449 1724 amplius,
481 1651 558 1724 quod
586 1650 694 1708 domini
715 1649 819 1709 Veneti
847 1651 976 1726 cogitant
1004 1650 1040 1708 de
1067 1647 1178 1708 loedere

46 1771 97 1811 eum
115 1756 181 1827 ipsis
203 1754 327 1813 dominis
346 1754 457 1814 Rhoetis
478 1752 627 1824 iaciendo,
656 1760 686 1814 et
707 1769 799 1828 nuper
819 1753 1020 1812 conduxerunt
1040 1753 1112 1812 duos
1133 1769 1179 1812 ca-

46 1859 159 1930 pitaneos
180 1877 216 1918 ex
237 1861 307 1934 ipsis
328 1859 450 1918 dominis
470 1859 580 1918 lllroatis
602 1876 637 1918 ex
659 1857 767 1918 familia
788 1858 910 1932 Salieeo,
932 1876 966 1918 ea
986 1859 1097 1918 scilieet
1117 1875 1178 1932 spe,

46 1970 70 2020 ut
86 1965 190 2034 possint
210 1965 318 2023 milites
331 1965 360 2022 in
375 1965 489 2024 Rbaetia
509 1965 655 2036 colligere,
676 1979 727 2037 spe
749 1963 822 2036 dieo,
844 1979 937 2036 neque
960 1965 1035 2022 enim
1057 1969 1178 2038 possunt

46 2083 97 2124 esse
118 2070 197 2141 certi,
220 2085 283 2127 cunr
306 2069 416 2128 nullom
438 2069 564 2126 habeant
585 2066 688 2126 loedos.

109 2173 164 2230 Sed
185 2175 210 2230 si
233 2173 360 2232 babituri
380 2180 485 2245 essent,
507 2190 563 2231 uon
585 2173 762 2242 dubitarem,
793 2173 860 2246 quin
882 2177 974 2231 totum
995 2172 1024 2232 id
1046 2171 1178 2232 collaturi

45 2282 126 2335 essent
144 2279 172 2334 iu
190 2276 419 2350 jnuandoPopa,
440 2280 674 2350 quotiescumque
696 2277 803 2335 bellum
824 2293 927 2348 gerere
948 2283 1049 2336 contra
1064 2257 1120 2335 uos
1128 2293 1177 2335 vo-

44 2380 126 2440 luerit.
166 2381 265 2452 Quare
286 2381 323 2440 ad
352 2380 544 2454 effugiendum
572 2381 651 2440 istud
680 2381 858 2456 perieulum,
890 2398 926 2442 ne
953 2381 1061 2440 domini
1081 2380 1178 2440 Rhoeti

43 2485 212 2544 traherentur
234 2487 264 2544 io
284 2484 380 2546 ioedus
401 2487 640 2556 adversariorum,
663 2486 822 2545 consultum
845 2492 930 2558 assat,
952 2487 974 2543 si
991 2485 1175 2545 illustrissimi

44 2587 190 2650 Germaniae
211 2591 360 2665 principes
381 2590 476 2650 ioedns
496 2592 551 2664 ipsi
572 2590 711 2651 iacerent.

107 2697 164 2755 lmo
186 2697 267 2754 trulla
287 2697 345 2754 alia
366 2702 411 2754 est
431 2697 490 2768 via,
518 2713 575 2770 qna
601 2698 658 2755 iste
679 2697 816 2754 transitos
837 2701 867 2754 et
887 2695 944 2754 ista
965 2695 1068 2753 militia
1088 2695 1172 2752 Rhoa-

44 2802 122 2858 torum
143 2809 352 2874 conservetur,
384 2819 419 2859 ne
445 2801 481 2859 ed
509 2801 668 2873 potent-iam
689 2800 774 2872 Papae
802 2805 831 2858 ot
852 2797 995 2858 lentorum
1016 2799 1103 2871 Papae
1125 2799 1175 2858 ad·

40 2903 181 2977 jungatur,
215 2891 301 2980 quam
331 2911 363 2964 ut
393 2907 447 2978 ipsi
474 2905 659 2964 illustrissimi
680 2905 843 2964 Germaniae
868 2904 1011 2978 principes
1041 2904 1095 2962 sibi
1119 2921 1173 2977 per

42 3005 303 3068 confoederationem
325 3011 503 3084 adjungant,
534 3010 579 3068 uel
601 3010 751 3068 Gallorum
777 3007 834 3068 ren¹
855 3009 994 3082 adjungat
1020 3009 1093 3083 ipse;
1124 3009 1175 3068 sed

42 3126 83 3167 rer
93 3113 196 3186 differt,
219 3115 284 3173 aliis
305 3114 392 3172 rebus
412 3122 576 3188 occupatus,
598 3131 667 3188 ergo
688 3115 778 3172 tutius
799 3121 885 3186 esset,
906 3119 939 3170 ut
955 3115 1099 3187 principes
1119 3113 1174 3186 ipsi

42 3215 122 3277 ledus
142 3218 283 3280 iacerent.

107 3323 217 3381 Saltem
237 3323 275 3382 ad
302 3323 389 3382 breve
416 3329 544 3396 tempus,
575 3323 668 3382 donee
694 3327 863 3398 appareret,
895 3321 963 3396 qnid
991 3321 1176 3380 antichristus

41 3431 94 3495 post
112 3425 225 3486 finitum
247 3445 328 3486 suum
349 3427 569 3487 conciliabulum
595 3436 713 3486 acturus
738 3433 825 3498 esset,
846 3426 883 3486 ad
904 3441 985 3484 arma
1005 3443 1105 3485 manus
1126 3427 1176 3484 ad-

42 3544 152 3604 nouere,
174 3533 223 3590 vel
245 3548 311 3590 nou.

107 3636 148 3693 Da
170 3635 321 3695 volontate
342 3637 469 3710 ipsorum
490 3635 670 3695 dominorum
690 3635 856 3694 eraetornm
878 3635 979 3694 videor
1000 3635 1070 3694 mibi
1091 3651 1176 3707 posse

40 3734 186 3808 affirmare,
216 3739 292 3814 qnod
313 3741 438 3800 libenter
458 3758 522 3799 cum
542 3743 611 3814 ipsis
630 3741 830 3799 illustrissimis
851 3740 1012 3800 Germania
1041 3739 1176 3814 principi·

40 3839 84 3899 bns
102 3861 131 3901 se
152 3847 374 3919 conjungerent,
394 3863 488 3919 neque
510 3846 546 3904 de
567 3846 622 3904 hoc
642 3852 712 3917 puto
734 3845 931 3904 dubitandum.

105 3950 148 4007 Ao
174 3967 232 4009 non
253 3950 337 4008 modo
363 3949 419 4008 hoc
447 3967 577 4024 propono
604 3949 837 4021 deliberandum,
866 3955 980 4008 essetne
1004 3945 1175 4021 consultum,

39 4063 68 4106 on
87 4069 149 4126 nou,
170 4056 196 4112 si
218 4055 275 4113 tale
296 4053 391 4113 foedus
411 4061 488 4114 esset
509 4053 682 4128 iaciendum,
703 4053 935 4127 quandoquidem
955 4069 1008 4111 rex
1017 4051 1175 4126 Gallorum,

39 4152 80 4222 qui
99 4161 142 4214 est
162 4161 327 4230 occupatos,
349 4173 440 4230 usqne
461 4157 535 4216 adeo
556 4157 688 4230 differat,
708 4155 760 4216 sed
787 4173 919 4231 propono
946 4155 1174 4228 deliberandum,

39 4271 77 4326 ao,
96 4263 117 4317 si
137 4278 190 4320 rex
211 4262 273 4337 ipse
293 4263 351 4346 cito
365 4269 463 4334 posset
474 4261 568 4321 ioedus
582 4261 793 4335 redintegrare,
814 4270 891 4322 esset
905 4262 1087 4320 nibilominus
1107 4275 1174 4318 con·

40 4364 142 4440 saltum,
164 4373 198 4426 ut
219 4367 272 4441 ipsi
293 4367 478 4428 illustrissimi
499 4367 643 4441 principes
663 4368 693 4426 in
708 4367 811 4427 eodem
823 4366 935 4432 foedere
947 4365 1174 4428 includerentur.
