2830 5078
1280 342 1332 398 1558

206 520 353 579 strissimae
374 517 554 591 Celsitudini,
583 535 668 593 quam
689 519 768 578 Deus
789 524 873 591 pater
897 520 1025 578 coelestis
1051 518 1100 577 diu
1128 526 1223 579 servet
1244 520 1333 579 incolu-

205 643 279 686 mem
300 625 430 685 ecelesiae
451 641 510 682 suae
531 640 584 697 per
604 624 704 682 Jesum
726 623 881 682 Christum.

284 729 423 801 Tubingae
445 729 572 786 calendis
592 730 661 802 May
681 728 846 788 MDLVIIl.

367 834 479 894 Vestrae
500 834 703 892 illustrissimae
724 831 911 892 Celsitudinis
932 831 1200 891 observantissimus

1108 937 1275 1010 Vergerius.

744 1123 780 1178 62
791 1137 816 1178 a.

211 1243 271 1307 Die
284 1243 484 1309 denkechrift
496 1242 645 1329 Vergers,
663 1244 723 1309 wie
738 1265 814 1308 man
830 1243 923 1308 einen
936 1243 1028 1326 krieg
1043 1243 1222 1306 vermeiden
1239 1241 1340 1318 kdnuc,

210 1356 265 1419 der
289 1356 370 1420 heim
394 1357 619 1422 ausschreiben
648 1358 703 1422 des
726 1356 846 1422 concils
870 1355 1135 1420 wahrseheinlieh
1159 1356 1341 1420 ausbrecheu

724 1467 838 1532 werde.

288 1579 364 1638 illud
392 1581 530 1654 imprimis
555 1579 687 1640 existimo
715 1579 823 1638 debere
844 1579 933 1639 statui
954 1593 1005 1650 pro
1026 1579 1187 1638 certissimo
1207 1584 1291 1652 atquc
1308 1581 1342 1636 iu·
1403 1577 1404 1652 j

210 1684 436 1756 dubitatissimo,
465 1685 541 1758 quod
561 1687 640 1756 Papa
660 1685 722 1744 dies
744 1689 901 1759 noctesque
922 1690 1019 1742 verset
1039 1685 1067 1742 iu
1089 1683 1203 1754 anime,
1234 1701 1288 1757 qua
1306 1700 1341 1741 ra·

209 1791 288 1847 tione
310 1805 400 1861 quave
422 1789 529 1862 injuria
549 1791 640 1862 possit
666 1791 849 1849 Germaniam
870 1790 1037 1864 gravissimo
1058 1787 1155 1846 bello¹
1176 1789 1268 1862 primo
1287 1807 1343 1862 quo-

210 1909 265 1966 que
286 1899 417 1967 tempore
438 1893 554 1952 adoriri.

288 1998 345 2057 Pro
367 1999 527 2056 certissimo
554 2005 642 2072 atque
669 1997 913 2057 indubitatissime
934 2003 1005 2071 puto
1027 1998 1114 2056 etiam
1133 1995 1241 2054 debere
1262 1996 1344 2062 statui,

211 2101 287 2172 quod
309 2117 397 2159 novus
419 2101 515 2159 Oaesar
535 2101 643 2174 Papam
664 2100 815 2176 (quantum
835 2100 955 2177 poterit)
980 2100 1130 2172 instigabit
1158 2101 1194 2159 de
1220 2118 1255 2160 eo
1279 2100 1345 2157 bello

211 2206 406 2278 suscipiendo,
437 2223 530 2278 neque
559 2207 634 2264 enim
663 2205 780 2265 dubiam
809 2213 867 2278 est,
900 2207 975 2280 quod
1001 2223 1053 2264 sua
1073 2223 1201 2265 caesarea
1221 2207 1345 2279 Majcstas

210 2326 286 2367 rrnnc
307 2311 417 2382 majora
438 2310 504 2367 odio
533 2317 660 2370 nostram
687 2311 857 2383 religionem
887 2316 1092 2384 prosequatur,
1121 2325 1208 2382 quem
1234 2287 1344 2382 nnpuam

210 2409 320 2470 iecerit.

287 2515 395 2574 Verum
429 2531 523 2588 neque
555 2515 651 2574 Oaesur
683 2533 776 2590 neque
805 2517 884 2590 Papa
914 2517 1027 2588 putabit
1057 2534 1118 2576 rem
1148 2520 1246 2576 statim
1272 2517 1346 2576 armis

209 2619 442 2693 aggrediendam,
464 2621 514 2678 sed
535 2621 635 2692 procul
656 2619 743 2679 dubio
764 2621 996 2694 praemittendam
1017 2623 1219 2694 cognitionem,
1241 2623 1291 2682 hoe
1310 2625 1347 2679 est

210 2723 370 2782 concilium.
453 2765 462 2789 t

289 2829 351 2900 Quo
372 2837 527 2902 utcumque
547 2835 665 2902 peracto
686 2835 755 2888 tuuc
784 2830 897 2888 demum
925 2833 1041 2906 capient
1067 2849 1166 2905 arma,
1198 2839 1231 2890 ut
1257 2835 1349 2902 cogant

211 2931 249 3008 (si
275 2933 436 3010 potuerint)
462 2935 671 2993 illustrissimos
699 2937 844 3010 principes
870 2941 1067 3009 protestantes
1096 2937 1133 2994 ad
1162 2937 1349 2996 executionem

210 3043 296 3111 atque
317 3037 353 3096 ud
375 3037 579 3098 obedientiam.

291 3143 355 3200 Non
378 3149 422 3202 est
443 3145 530 3202 etiam
553 3145 686 3213 dubium,
717 3147 784 3218 quin
807 3146 883 3204 omni
905 3148 1000 3205 studio
1022 3147 1149 3205 curaturi
1171 3146 1243 3213 siut,
1269 3150 1298 3202 ut
1317 3143 1348 3202 ad

211 3264 271 3305 rem
293 3253 403 3306 tautum
424 3250 628 3324 perficiendam
650 3250 810 3324 adjungunt
830 3249 885 3308 sibi
900 3253 984 3323 vireS,
1007 3256 1198 3324 quotcumque
1215 3251 1349 3324 potuerint

211 3368 310 3422 regum
333 3359 362 3410 et
383 3355 556 3427 principum,
583 3355 639 3413 imo
662 3355 738 3428 quod
760 3354 813 3412 sibi
835 3355 958 3412 Tereum
991 3369 1103 3428 quoque
1136 3360 1167 3410 et
1197 3355 1285 3428 ipsum
1304 3351 1348 3408 Sa-

122 3495 125 3504 ,
210 3461 307 3514 tanam
329 3459 519 3529 corporaliter
541 3465 637 3518 essent
658 3461 786 3518 vocaturi
808 3460 837 3516 in
861 3460 1035 3530 subsidium,
1058 3459 1213 3516 dummodo
1234 3461 1347 3531 possent.

290 3561 385 3633 Quare
406 3578 469 3619 cum
490 3565 609 3623 multum
632 3565 738 3638 diuque
761 3565 956 3638 cogitaverim,
978 3582 1034 3638 qua
1054 3563 1168 3622 ratione
1191 3568 1284 3638 posset
1300 3563 1347 3617 im·

210 3665 322 3738 pediri,
354 3683 390 3724 ne
422 3670 484 3724 tota
504 3667 621 3740 Europa
649 3674 706 3726 tam
734 3669 896 3741 periculoso
924 3667 1001 3726 bello
1028 3687 1059 3727 sc
1087 3669 1248 3728 involveret
1267 3671 1344 3735 utque

211 3779 378 3842 parceretur
399 3777 443 3830 tot
464 3772 598 3844 cedibus,
620 3778 664 3830 tot
685 3773 842 3843 incendiiS,
872 3779 921 3832 tot.
943 3773 1172 3845 calamitatibus,
1201 3779 1244 3832 tot
1263 3776 1345 3828 vastu-

212 3876 337 3934 tionibus
358 3881 445 3950 atque
466 3879 597 3945 miseriis,
619 3895 684 3950 quac
705 3896 740 3935 cx
761 3884 842 3936 tauto
864 3877 940 3936 bello
962 3873 1166 3946 nascerentur,
1196 3881 1224 3936 in
1252 3888 1348 3934 suruma

212 3979 315 4050 sentio,
337 3979 429 4038 Deum
452 3980 520 4038 mihi
542 3981 597 4038 hoc
617 3982 768 4040 consilium
788 3981 953 4054 inspirasse.
1026 4021 1032 4036 ,
1071 3977 1074 3984 '

775 4121 789 4153 *

285 4235 297 4287 1
318 4233 399 4288 Diese
423 4231 750 4302 kriegsbeiuirchtungem
781 4232 827 4287 die
854 4233 925 4288 auch
950 4233 1053 4287 andere
1078 4247 1215 4301 persoucu
1233 4225 1346 4286 theilteu,

212 4321 413 4376 wiederholten
432 4320 491 4375 sich
509 4339 564 4375 von
581 4320 636 4375 zeii
660 4339 693 4374 zu
718 4319 790 4386 scitu
818 4339 838 4375 e.
858 4319 949 4374 Stafin
966 4320 1014 4384 IV,
1034 4320 1093 4374 595.
1130 4319 1236 4388 Verger
1253 4309 1347 4369 rommt

211 4407 276 4464 sehr
296 4408 337 4463 ort
355 4407 406 4463 auf
424 4407 500 4463 scine
519 4407 728 4478 prophezeiung
747 4406 824 4462 eines
844 4407 955 4476 kriegcs
973 4405 1085 4461 curticle.
