2862 5080
755 365 816 426 402

744 623 837 685 raca.
873 615 875 619 ·
975 582 978 588 ’

757 795 820 852 194.

518 915 644 1004 Verger
666 942 717 986 an,
731 919 849 1006 herzog
872 917 1056 1004 Christoph.

501 1093 505 1100 ,
561 1049 712 1124 Tubingen
735 1054 749 1108 1
772 1051 906 1110 Februar
929 1053 1013 1110 1564.

284 1173 390 1228 Meldet
408 1173 484 1228 seina
503 1171 690 1227 auriickhnnft
710 1189 760 1226 aus
784 1171 833 1226 der
852 1169 988 1236 Schweiz;
1017 1171 1107 1226 bittet
1131 1190 1177 1224 nm
1203 1171 1283 1227 einen
1307 1189 1355 1226 em·

214 1269 440 1340 plehlungsbriel
455 1269 499 1324 fflr
517 1270 601 1324 einen
621 1268 762 1323 [talitner.

293 1367 488 1425 Illustrissime
509 1367 649 1438 Princeps
670 1372 700 1423 et
720 1365 842 1422 Domine
863 1364 987 1422 Domine
1009 1363 1253 1422 Clementissimel

295 1470 368 1528 Veni
389 1477 456 1530 aute
478 1471 506 1528 X
526 1471 588 1528 dies
603 1486 639 1528 ex
651 1469 794 1543 colloquio
809 1470 900 1542 legati
915 1467 1064 1526 Gallorum
1075 1468 1101 1540 ¹3
1124 1485 1182 1526 nou
1197 1467 1359 1536 acceleravi,

215 1574 438 1650 quodviderem,
459 1591 505 1632 me
526 1572 630 1632 afferre
653 1589 726 1630 nova
741 1573 833 1631 minus
847 1569 998 1643 ferventia,
1020 1578 1269 1646 quamoptassem.
1289 1571 1357 1629 Tan·

215 1678 294 1746 dem,
322 1693 386 1735 cnm
406 1678 557 1736 voluissem
578 1676 735 1743 accedere,
763 1675 844 1734 varia
867 1674 1075 1748 impedimenta
1099 1693 1145 1734 me
1167 1676 1360 1748 detinuerant,

213 1783 265 1842 sed
285 1789 382 1841 tamen
403 1799 487 1857 spero
507 1797 553 1840 me
575 1786 775 1852 superaturum
798 1782 892 1838 omnia
913 1761 943 1838 et
963 1785 1115 1838 venturum
1137 1780 1306 1853 propediem
1327 1781 1360 1856 (si

214 1887 354 1946 Dominus
374 1886 511 1964 voluerit)
532 1903 584 1944 seu
605 1885 802 1958 Stutgardiam
822 1901 873 1944 seu
896 1885 1098 1956 Nurtiugam⁸.

292 1991 376 2050 Nunc
396 1991 426 2048 id
448 1990 525 2064 quod
546 2007 591 2047 me
612 1991 725 2063 premit,
746 1990 806 2048 tale
828 1995 880 2048 est.
920 1989 1009 2048 Venit
1028 1988 1066 2046 ad
1087 2004 1139 2046 nos
1156 1991 1217 2060 jam
1239 1995 1308 2050 tunc
1327 2005 1359 2047 ex

213 2094 299 2153 ltalia
318 2095 362 2153 vir
381 2095 507 2169 prudens
528 2099 614 2168 atque
635 2093 744 2164 fidelis,
776 2093 880 2150 mansit
908 2100 1011 2166 postea
1032 2091 1149 2151 hiennio
1170 2097 1222 2150 aut
1242 2093 1360 2166 amplius

213 2216 276 2258 cum
296 2199 489 2258 illustrissimo
511 2199 583 2257 duce
604 2199 739 2258 Prussiea.
779 2198 868 2268 Nunc,
884 2203 1075 2256 revocatura
1103 2195 1258 2266 fratribus,
1286 2196 1360 2256 redi·

213 2309 296 2362 turns
316 2309 428 2376 tamen3
455 2319 507 2375 ego
528 2303 675 2360 licentiam
696 2319 755 2360 non
774 2319 891 2375 possum
912 2317 1018 2375 negare
1039 2301 1114 2359 bono
1135 2301 1198 2359 viro
1219 2307 1250 2359 et
1269 2301 1360 2372 fideli;

213 2425 277 2466 cum
298 2422 366 2464 vero
388 2423 444 2465 non
464 2407 549 2478 longe
570 2423 588 2464 a
608 2406 722 2465 Labaeo
742 2385 891 2473 versetur,
920 2407 1019 2480 putavi
1044 2406 1088 2463 illi
1110 2405 1219 2464 dandas
1239 2407 1361 2478 litterae,

213 2527 277 2584 quae
297 2517 327 2568 et
347 2509 454 2569 Labaci
476 2510 642 2570 deserviant
663 2518 693 2570 et
713 2497 906 2584 Justinopoli,¹
933 2527 997 2584 quse
1018 2516 1063 2568 est
1084 2527 1137 2567 sua
1156 2511 1267 2582 patria,
1292 2525 1360 2581 rogo

214 2620 311 2672 autem
333 2613 378 2690 (ut
397 2620 477 2672 tutus
498 2595 646 2688 accedat),
677 2615 865 2674 vehementer
890 2631 976 2687 rogo,
1004 2621 1037 2671 ut
1061 2614 1132 2671 mihi
1159 2614 1361 2672 concedantur.

214 2717 333 2776 Affirmo
355 2720 439 2789 euim,
460 2718 541 2776 illum
562 2720 624 2791 ejus
646 2735 708 2776 esse
730 2700 826 2792 animi,
848 2723 880 2776 nt
892 2718 994 2776 redeat
1011 2717 1046 2775 ad
1064 2735 1118 2788 me,
1140 2717 1362 2790 necquidquam

213 2822 292 2881 alind
314 2839 378 2881 eum
398 2823 536 2898 cogitare,
557 2839 646 2896 quare
667 2839 720 2895 per
732 2822 831 2882 Jesum
847 2821 992 2888 Christum
1006 2837 1087 2894 rogo,
1111 2821 1179 2894 quid
1201 2823 1276 2880 enim
1298 2837 1360 2894 pos-

213 2943 274 2984 sum
295 2925 392 2985 dicere
413 2918 549 3000 mojusb?
580 2927 613 2984 In
633 2944 742 2986 summa
762 2928 958 2985 Illustrissima
971 2925 1120 2985 Celsitudo
1138 2927 1243 2984 Vestra
1263 2926 1360 2998 digne-

211 3037 260 3088 tur
279 3031 348 3088 mihi
368 3031 481 3090 litteras
509 3031 594 3103 dare,
623 3032 722 3106 quales
749 3035 872 3090 insertas
900 3031 1038 3103 descripsi
1049 3040 1068 3089 ⁰.
1110 3031 1288 3090 Commendo
1317 3046 1361 3088 me

212 3141 383 3193 reverenter
409 3135 612 3194 Illustrissimae
633 3135 803 3194 Oelsitndini
824 3137 946 3194 Vestrae.
987 3135 1077 3194 Pater
1102 3135 1228 3199 coelestis
1257 3140 1362 3207 augeat

212 3239 257 3295 illi
277 3255 330 3298 sua
355 3241 495 3311 praeclara
523 3240 613 3310 dona,
645 3240 776 3312 spiritum
806 3246 836 3298 et
865 3239 950 3300 fidem
976 3255 1029 3312 per
1051 3239 1197 3298 Christum
1218 3239 1361 3297 dominum

214 3348 352 3400 nostrum.

290 3445 429 3519 Tubingae
449 3448 542 3521 prima
562 3447 716 3506 Februarii
740 3449 823 3505 1564.

442 3550 648 3610 Illustrissimae
671 3551 858 3610 Celsitudinis
878 3551 991 3610 Vestrae
1013 3551 1137 3610 servitor
1269 3619 1272 3628 ¹

1114 3655 1280 3728 Vergerius.

285 3755 498 3825 Eigenhltndige
516 3755 798 3826 randbemerlsungen
820 3757 867 3811 des
886 3757 1014 3828 herzogs:

284 3860 300 3896 a
319 3842 393 3896 Wan
412 3860 442 3896 es
460 3842 518 3896 sein
538 3843 726 3913 gelegenheit.

281 3929 300 3982 b
319 3927 402 3982 Weit
421 3930 476 3984 ime
496 3931 612 3986 solliche
633 3931 708 3985 brief
723 3933 767 3986 nit
782 3933 996 3998 mitautheillen,
1015 3951 1059 3988 wa
1079 3951 1109 3989 er·
1128 3935 1201 3988 auch
1220 3931 1360 4002 gelangen

210 4017 314 4079 witrde,
333 4033 381 4084 sye
400 4016 552 4072 imemehr
571 4037 604 4072 au
623 4019 746 4074 schaden
764 4019 820 4073 dan
839 4019 983 4074 fbrstaudt
998 4020 1156 4089 geroichen,
1176 4020 1288 4074 audeme
1308 4017 1360 4071 mir

210 4121 244 4156 au
263 4101 381 4156 bochem
400 4104 521 4158 verweiss
541 4104 640 4160 billich
658 4105 768 4169 Ithome,
788 4105 825 4160 da
841 4105 888 4160 ioh
907 4106 996 4160 einern
1010 4107 1183 4176 verspreche,
1196 4105 1269 4160 mein
1283 4104 1359 4158 dien·

143 4237 148 4245 .
210 4205 260 4243 ner
272 4205 406 4272 genesen
426 4209 458 4243 zu
477 4191 552 4255 sein,
580 4193 634 4246 den
653 4193 698 4247 ich
719 4193 762 4246 nit
780 4192 906 4248 khenuet
924 4194 980 4247 und
1000 4211 1053 4248 von
1074 4193 1164 4248 seines
1183 4193 1282 4247 thnens
1302 4188 1357 4243 und

778 4307 793 4341 ›l‹

281 4400 294 4450 1
316 4397 342 4452 S.
364 4415 390 4452 n.
413 4400 463 4454 192
482 4401 540 4456 und
560 4402 618 4456 193.
