2910 5080
79 383 143 436 libi
624 385 664 444 63

75 556 238 632 plerumque
257 554 366 630 re‘ipaa
386 553 556 629 grandiores
576 569 640 616 esse
661 555 764 614 solent.
785 553 850 612 Non
871 551 1130 624 enimdubitnmus‚
1152 555 1221 626 quin

74 661 149 718 brevi
169 663 248 718 iuter
266 659 407 719 Saxonem
429 664 459 716 ιι
479 657 641 730 Augustum
662 655 793 715 ldaoritii
813 654 933 717 fratrem
947 656 971 725 ¹,
1000 659 1220 730 transactiones,

75 783 134 838 quse
153 781 206 840 pro
227 763 336 824 loribus
355 769 438 835 sunt,
469 760 554 820 finem
584 760 726 821 habiture
754 763 811 820 sint
840 777 896 822 non
918 759 1070 820 infelicem.
1110 761 1151 821 Et
1170 763 1222 821 at·

75 868 168 928 berti¹
187 873 264 928 vires
288 871 329 928 sic
353 873 421 927 sunt
448 865 622 935 debilitatae,
651 873 683 924 ιιι
709 865 779 926 nibil
808 865 992 940 quidcunque
1013 882 1031 924 a
1051 867 1142 938 ceptis
1162 867 1222 926 suis

64 971 386 1032 rllerculemdcterrere
407 971 506 1043 possit.
539 969 622 1042 Quod
637 969 762 1028 consulis
781 974 887 1042 autem,
910 969 940 1046 [3
961 969 1051 1029 linien
1072 969 1219 1048 unlesbar]

78 1077 315 1151 intelligeremus,
346 1074 423 1134 idem
444 1074 499 1133 hoc
518 1071 673 1134 Herculem
694 1074 770 1134 serio
791 1074 875 1133 velle.
910 1075 954 1134 Ne
975 1074 1044 1148 quid
1065 1076 1154 1148 igitur
1174 1075 1221 1134 hic

75 1197 121 1254 per
134 1171 189 1240 ¹nos
209 1184 278 1244 stet.
300 1187 331 1237 tu
353 1187 382 1238 te
403 1182 497 1252 ipsum
518 1179 600 1239 nobis
620 1179 737 1240 declara
757 1179 940 1251 luculentius,
963 1179 994 1256 [2
1014 1177 1103 1238 linien
1124 1179 1221 1240 unles-

75 1285 132 1362 bar]
151 1285 190 1344 Et
210 1283 401 1358 gaudebimus
421 1287 599 1344 occasionem
621 1284 703 1343 nobis
724 1284 795 1354 dari,
817 1283 894 1344 undo
915 1290 1077 1357 promptum
1098 1301 1169 1358 erga
1189 1302 1219 1344 se

75 1393 191 1450 aninum
213 1396 345 1450 nostrum
365 1391 508 1450 Hercules
529 1389 579 1448 ille
600 1395 699 1448 noster
718 1391 883 1464 perspicere
907 1391 1007 1464 possit.
1049 1389 1105 1448 Sed
1127 1390 1164 1450 de
1185 1390 1220 1449 lis

77 1497 218 1558 hactenns.
264 1495 347 1568 Quod
368 1495 405 1552 ad
426 1511 539 1553 causam
561 1501 639 1554 tuam
661 1495 781 1566 attinet,
808 1497 832 1554 si
852 1493 967 1568 quidem
987 1497 1064 1570 apud
1084 1513 1136 1555 nos
1157 1511 1220 1555 asse

76 1601 159 1674 cupis,
191 1600 289 1659 libera
316 1600 369 1659 tibi
397 1618 415 1658 a
440 1599 521 1660 nobis
548 1597 671 1662 facultas
698 1600 868 1660 conceditur
888 1601 932 1660 vel
953 1599 1114 1675 Tubingnm
1134 1603 1220 1662 remi·

75 1707 186 1780 grandi,
220 1707 269 1765 vel
296 1723 466 1780 quocunque
493 1708 620 1766 locomm
649 1707 700 1766 tibi
729 1708 818 1766 risum
846 1705 951 1778 luerit3
983 1707 1117 1780 quicquid
1144 1708 1220 1766 enim

76 1811 153 1884 th'ns
173 1812 211 1871 ad
233 1817 265 1871 te
285 1813 400 1884 scripsit
420 1812 592 1884 Greternsi,
613 1821 713 1873 nostro
733 1814 852 1873 consilio
876 1814 998 1888 scripsit.
1038 1812 1104 1872 Tibi
1124 1813 1222 1886 igitur,

74 1913 190 1986 inquam,
213 1913 296 1988 optio
318 1913 412 1983 detur,
433 1913 605 1990 ubicumque
626 1915 697 1974 velis
718 1895 796 1974 inter
816 1923 929 1976 rrustros
950 1917 1110 1987 habitandi,
1131 1935 1220 1992 quan·

75 2035 150 2091 qnam
170 2018 358 2090 arbitremur,
380 2017 539 2092 Tubingam
560 2020 613 2080 tibi
634 2021 891 2080 commodissimam
908 2020 985 2094 iore,
1014 2029 1075 2081 tum
1102 2030 1222 2098 propter

75 2123 300 2192 doctissimorum
311 2121 446 2195 virorum,
468 2141 540 2196 qnos
561 2141 636 2182 nunc
657 2124 752 2195 babet,
774 2131 943 2200 perpetuam
964 2129 1220 2200 conversationem,

74 2234 127 2286 tum
146 2229 224 2302 qnod
245 2227 415 2301 propediem
439 2229 508 2288 illuc
529 2245 641 2304 qnoque
664 2234 815 2300 venturum
829 2247 987 2304 speremus
1007 2231 1182 2304 Molynaeum
1195 2233 1216 2304 ⁴,

74 2351 151 2404 quem
170 2341 203 2392 tu
224 2334 309 2394 nobis
329 2339 482 2408 tantopere
503 2335 723 2407 commendasti3
746 2334 820 2394 bobo
834 2336 924 2409 igitur
938 2336 978 2394 sis
992 2338 1087 2395 auimo
1105 2353 1138 2395 nc
1155 2338 1219 2396 vale

74 2436 198 2498 feliciter.
242 2437 420 2510 Stutgardiae
444 2441 479 2496 10
501 2438 632 2498 Octobris
654 2439 738 2499 Anno
759 2445 813 2498 etc.
836 2443 896 2499 53⁰.

620 2702 673 2758 ia.

373 2803 500 2918 Herzog
523 2831 700 2919 Christoph
723 2857 765 2900 en
788 2834 921 2920 Verger.

399 2947 546 3028 stuttgart
567 2951 602 3007 16
623 2948 788 3008 November
811 2949 894 3007 1553.

138 3049 252 3120 Herzog
270 3047 421 3120 christoph
440 3049 520 3106 meist
538 3033 646 3120 Verg'er
670 3049 815 3106 untcrhelt
840 3051 897 3106 und
916 3049 1059 3121 mohuung
1083 3069 1127 3106 an.

138 3145 284 3204 Gedrnekt
301 3146 408 3202 Satbler
417 3146 465 3212 IV,
484 3144 550 3202 beil.
562 3146 607 3200 25:
624 3164 644 3200 s.
662 3146 704 3201 65.
743 3146 799 3202 Das
817 3145 938 3218 original
962 3146 1002 3202 im
1021 3145 1118 3202 archiv
1137 3147 1218 3203 nicht

78 3241 147 3297 mehr
166 3242 354 3318 aufnulinden.
416 3281 418 3287 ,

148 3341 374 3415 christophorus
401 3342 461 3401 dux
481 3341 754 3418 wirtembergensis
776 3348 831 3400 etc.

151 3447 179 3505 S.
211 3448 244 3506 P.
274 3447 447 3507 Reverende
472 3449 516 3504 uir
547 3454 576 3506 ct
606 3448 696 3506 amice
727 3447 850 3507 delicte!
891 3447 1025 3506 Redditae
1055 3453 1121 3506 sunt
1150 3450 1219 3508 mibi

79 3558 174 3610 restrae
204 3554 313 3610 litterae
327 3551 346 3624 ⁶,
378 3553 480 3625 quihus
509 3551 602 3611 facitis
623 3569 675 3611 nos
700 3552 851 3622 certiores,
880 3551 956 3626 quod
976 3552 1147 3625 receperitis
1168 3569 1218 3611 vos

637 3675 652 3709 ac

80 3745 266 3820 Naumburger
284 3751 401 3822 vertrag
419 3769 484 3806 rom
507 3752 542 3806 24
560 3750 684 3807 Februar
704 3751 773 3807 1554
791 3749 941 3822 beaudigt,
969 3751 1089 3806 welches
1107 3751 1219 3809 Johann

80 3832 212 3892 Friedrich
233 3839 292 3893 und
310 3838 405 3896 seincn
423 3839 509 3895 erben
527 3839 573 3895 die
592 3841 684 3894 amtor
702 3839 878 3909 Albenbnrg,
906 3835 1039 3900 buhhan,
1057 3836 1217 3894 Schmbllan

80 3921 131 3976 und
156 3925 258 3980 andere
282 3925 480 3995 gebietstheile
505 3927 676 3992 nusichertc;
704 3944 725 3982 s.
749 3925 838 3991 Beck,
867 3923 979 3982 Johann
997 3923 1141 3980 Friedrich
1169 3924 1219 3980 dar

81 4005 194 4066 mitilere
212 4014 233 4076 I,
254 4013 306 4068 153
324 4011 352 4068 ff.
732 4011 735 4014 ’

145 4097 162 4150 2
179 4098 315 4155 dibrecht
334 4117 390 4157 von
408 4102 623 4172 Brandenburg,
642 4119 662 4155 s.
681 4101 722 4156 br.
741 4118 769 4155 n.
787 4102 813 4155 2.

146 4186 206 4242 38.
221 4188 264 4242 br.
283 4205 309 4244 n.
331 4191 355 4244 1.

145 4271 203 4329 rs.
221 4275 263 4331 br.
282 4294 311 4331 n.
331 4276 356 4330 2.

147 4361 272 4418 5Dieser
290 4362 367 4418 briei
380 4363 516 4436 Vergers,
545 4365 576 4420 in
595 4365 730 4422 walchem
757 4383 786 4421 er
811 4365 938 4420 delinitis
956 4365 1018 4418 dem
1044 4365 1147 4435 herzog
1174 4383 1218 4419 au·

85 4445 155 4512 tagl,
179 4447 214 4503 ist
232 4451 360 4506 verloreu
379 4468 535 4523 gegangcn.
573 4452 624 4506 Die
645 4452 799 4524 goiahren‚
828 4451 918 4508 denen
944 4469 974 4507 er
998 4454 1136 4518 eutrann,
1169 4452 1218 4505 hat
1292 4453 1295 4456 '
