2830 5072
68 376 124 432 1562
584 385 646 444 319

62 559 98 610 est
112 553 249 626 jndicium,
265 553 341 626 quod
354 553 434 626 Papo
445 553 586 610 homiuem
608 553 772 614 litterarum
792 552 985 625 rudissimam,
1006 553 1185 626 professione

61 657 161 714 militem
176 657 243 716 velit
255 657 386 715 Tridenti
403 655 511 714 habere
533 672 589 714 non
611 663 731 730 propter
750 655 985 716 reformationem
1006 675 1116 718 morum
1137 675 1186 717 ne·

60 779 105 833 que
115 761 311 821 doctrinarum.
345 762 432 820 Pater
445 762 572 822 coetestis
584 763 728 822 illuminet
749 764 813 822 ilios
833 778 975 835 pauperes
996 762 1125 822 homines
1145 764 1185 839 (si

60 873 113 923 sunt
132 883 164 924 ex
183 867 240 926 suis
260 912 265 924 .

123 973 224 1044 Accepi
242 868 307 1030 11111
330 977 498 1030 reverenter
518 971 722 1030 illustrissimae
734 971 846 1030 Vestra
862 969 1049 1028 celsitudinis
1071 971 1184 1032 litteras

58 1074 82 1130 in
100 1091 178 1132 causa
198 1077 310 1134 comitis
330 1075 401 1133 Julii
421 1091 439 1132 a
459 1073 570 1132 Thiene
585 1074 609 1144 ¹,
640 1091 705 1148 quae
726 1074 795 1134 mihi
816 1091 996 1146 summopere
1017 1076 1184 1146 probantur,

56 1179 293 1255 probabunturque
316 1181 391 1238 haud
413 1179 499 1238 dubie
520 1179 556 1238 ab
577 1180 640 1251 ipso
661 1181 782 1253 comite3
813 1197 878 1238 nam
906 1179 944 1238 ad
965 1197 1029 1238 eum
1051 1182 1185 1253 Argenti·

55 1297 109 1340 nam
127 1287 196 1344 misi.
239 1285 405 1344 consultius
426 1291 504 1344 certe
526 1303 578 1343 sno
599 1284 657 1344 filio
679 1293 723 1345 est
744 1285 879 1356 laturum,
902 1291 934 1344 ut
955 1303 1018 1344 cum
1039 1288 1186 1358 ingressus
1287 1337 1290 1346 ,

53 1385 127 1444 luerit
148 1391 181 1446 18
202 1397 253 1448 aut
274 1390 422 1464 aliquanto
443 1391 544 1461 minus,
566 1391 603 1447 sit
623 1389 737 1449 iuturus
758 1390 787 1448 in
807 1391 874 1448 aula
894 1390 1060 1462 honorifice,
1083 1405 1181 1462 qnem-

52 1490 188 1552 admodum
210 1495 317 1554 Vestre
338 1495 488 1554 Celsitudo
509 1495 675 1566 pollicetur,
699 1495 734 1554 de
756 1513 812 1569 quo
833 1496 942 1569 gratias
963 1510 1017 1568 ego
1038 1495 1184 1552 inarimos.

53 1593 211 1658 Commendo
233 1617 279 1657 me
301 1607 470 1659 reverenter
490 1599 694 1658 illustrissimae
713 1600 882 1659 Celsitudini
900 1601 1021 1660 Vestrae.
1054 1599 1187 1660 Coelestis

52 1697 127 1758 Pater
144 1712 252 1778 augeat
272 1704 314 1762 illi
336 1719 402 1761 suos
424 1703 534 1762 divinos
550 1704 710 1772 thesauros,
733 1705 861 1773 spiritum
885 1711 915 1762 et
934 1703 1019 1762 lidom
1041 1720 1092 1774 per
1104 1703 1185 1763 Chri·

51 1809 114 1861 stum
133 1806 279 1865 dominum
301 1814 437 1866 nostrum.

116 1928 255 2002 Tubingae
276 1931 313 1988 23
335 1931 381 1989 dio
403 1929 572 1990 Decembris
596 1931 678 1988 1561.

272 2042 475 2102 illustrissimae
497 2043 683 2103 (lelsitudiuis
705 2043 815 2102 Vestrae
836 2041 959 2101 servitor

937 2147 1106 2220 vergamus.

570 2413 662 2472 1562.

579 2585 643 2640 142.

348 2713 470 2801 Verger
493 2738 534 2782 an
557 2716 675 2800 herzog
698 2713 880 2798 Christcph.

396 2840 545 2920 Tdbin'gen
566 2848 584 2903 7
604 2845 715 2906 donner
738 2847 822 2904 1562.

105 2961 258 3027 Berichlet,
278 2981 335 3018 was
354 2965 412 3018 ihm
432 2965 499 3021 iiber
517 2967 563 3021 die
581 2967 705 3036 stellung
723 2983 777 3020 von
792 2967 884 3019 Anton
905 2981 959 3018 von
974 2963 1102 3020 Navarra
1121 2982 1181 3019 zum

42 3057 201 3123 papstthum
220 3059 402 3130 geschrieben
422 3063 535 3117 worden
554 3065 601 3116 sei.
703 3079 706 3082 ·

113 3174 314 3234 Illustrissime
337 3178 474 3251 Princeps
494 3185 524 3238 et
545 3180 667 3238 Domine
688 3179 810 3238 Domine
832 3177 1073 3238 Clementissime!

112 3279 211 3338 Hodie
240 3283 337 3354 accepi
358 3285 485 3344 Venetas
511 3287 644 3358 litteras,
675 3289 703 3344 in
732 3287 836 3359 quibus
862 3284 971 3368 aliquid
998 3283 1075 3356 legi,
1107 3283 1183 3356 quod

42 3375 151 3450 dignum
185 3382 361 3454 existimavi,
393 3387 469 3459 quod
500 3388 535 3445 ad
567 3387 697 3447 Vestram
725 3387 949 3446 illustrissimam
977 3387 1184 3446 Celsitudinem

41 3483 222 3544 scriberetur.
255 3487 326 3546 Cum
347 3489 456 3562 Papaei
477 3490 639 3548 nuntiatum
660 3490 771 3564 fuisset,
793 3491 952 3550 Galliarum
973 3506 1093 3564 regnum
1115 3509 1185 3565 quo·

42 3585 106 3645 tidie
128 3592 234 3650 melius
255 3609 286 3649 se
308 3592 415 3652 habere
436 3597 465 3652 in
486 3611 555 3652 veru
576 3595 715 3668 religione
737 3595 919 3668 accessenda‚
940 3601 1103 3654 rerntotam
1118 3596 1184 3654 illu·

40 3693 185 3753 strissimis
206 3696 329 3754 dominis
351 3697 470 3756 Venetis
491 3699 620 3771 scripsit,
649 3700 869 3772 imploravitque
897 3697 1025 3756 favorem
1054 3705 1084 3755 et
1104 3699 1184 3756 auxi-

37 3792 112 3868 lium,
143 3801 168 3856 si
197 3799 266 3872 quid
293 3800 453 3858 Lutlrerani
486 3803 540 3876 (ita
571 3802 646 3859 enim
673 3802 799 3876 scripsit)
830 3801 989 3860 voluissent
1018 3803 1185 3864 machinari.

40 3898 132 3967 Quare
158 3903 271 3962 uidetur
291 3911 421 3962 metuere
442 3905 537 3976 Papa,
570 3921 604 3963 ne
626 3905 733 3964 bellum
755 3923 772 3964 a
793 3906 948 3964 Germania
967 3907 1099 3979 incipiam
1131 3908 1184 3966 hoe

37 4000 156 4075 inquam
170 3995 393 4082 (qualecumque
406 4009 456 4084 sit)
472 4009 654 4068 scribendum
669 4009 837 4076 exist-imavi,
852 4017 931 4067 certe
945 4009 1060 4068 videtur
1072 4012 1184 4082 timere,

38 4121 72 4162 ue
94 4107 192 4167 Gallia
212 4111 367 4182 conjuncta
387 4125 451 4168 cum
472 4109 718 4182 Germaniarelit
738 4119 874 4186 papatum
895 4113 1013 4174 adoriri.

602 4239 617 4272 ’lt

109 4340 123 4391 l
145 4337 177 4392 N.
197 4342 256 4394 137.

108 4425 126 4478 2
147 4423 171 4480 S.
189 4445 216 4484 n.
236 4429 280 4483 94.
