2862 5080
1300 356 1353 414 ltov

223 539 339 608 egomet
359 530 565 606 Stutgardiam.
608 531 712 590 Vestra
743 529 941 589 illustrissima
968 528 1118 588 Celsitudo
1140 530 1224 589 valde
1251 547 1293 590 nre
1317 549 1355 592 ea·

221 637 320 696 citavit
340 637 399 694 suis
419 636 570 710 colloquiis
589 637 618 694 in
647 637 700 694 bac
722 637 798 709 ipsa,
828 651 913 709 quam
940 639 1046 708 tronto,
1075 637 1132 694 mei
1152 635 1220 694 libri
1241 639 1354 709 materia,

121 811 125 820 ,
222 741 385 819 praesortim
405 757 469 800 eum
489 741 647 800 monuisset
668 756 713 798 me
734 740 771 800 de
791 739 890 798 multis
911 739 1061 810 conciliis,
1089 757 1153 814 quae
1179 739 1252 800 fiunt
1271 740 1356 800 eodem
1420 779 1421 818 3

223 854 362 921 tempore.
403 846 500 918 Majns
521 846 619 918 itaque
640 845 751 904 luorum
771 851 907 918 exspecto
922 889 943 916 ,.
961 845 984 902 si
1014 845 1181 919 contingat,
1211 851 1244 903 nt
1267 847 1357 917 possin
1420 867 1421 890 v

223 953 329 1012 iterum
351 955 415 1028 cunr
434 951 486 1009 illa
506 948 639 1008 conferre
661 949 726 1026 (pro
747 966 799 1010 sua
819 949 994 1026 elementia).
1026 949 1121 1024 Cogor
1141 951 1275 1022 seribere,
1295 951 1357 1023 quod

222 1073 299 1130 sape
313 1055 438 1115 antehae
453 1055 512 1113 dixi
533 1061 564 1114 et
584 1055 693 1128 scripsi,
716 1055 792 1113 hune
812 1055 923 1114 seilicet
942 1055 1056 1127 libram,
1078 1057 1127 1128 qui
1148 1072 1184 1113 ex
1204 1055 1287 1114 Italia
1304 1071 1357 1127 pro·

225 1161 288 1235 diit,
309 1161 405 1234 magni
426 1177 489 1220 esse
511 1161 657 1229 momenti,
678 1176 811 1233 magnam
832 1160 907 1218 onim
928 1165 1040 1232 partem
1059 1159 1231 1234 populorum
1256 1157 1356 1227 inficiet,

226 1267 281 1326 nisi
302 1268 399 1340 aliquo
420 1267 551 1326 antidoto
573 1272 750 1338 occurratur,
772 1266 848 1340 quod
869 1281 923 1338 ego
945 1265 1172 1342 (qualiscumque
1189 1266 1254 1342 sim)
1273 1266 1356 1326 sedulo

221 1371 305 1441 latio,
327 1372 395 1446 quin
416 1371 504 1430 audio
523 1373 553 1430 in
574 1372 697 1432 Galliam
719 1388 832 1446 quoque
855 1369 941 1430 luisse
962 1372 1087 1430 missum.

303 1475 501 1536 lllustrissima
513 1477 663 1537 Celsitudo
677 1478 783 1536 Vestra
803 1482 855 1536 aut
874 1493 971 1537 eoram
992 1476 1160 1551 dignabitur
1179 1476 1273 1535 dicere
1292 1493 1356 1535 suan
1421 1487 1422 1552 ζ

226 1583 408 1650 sententiam,
429 1589 480 1641 aut
500 1583 636 1654 seribere,
658 1600 725 1640 num
746 1583 856 1642 seilicet
877 1581 1038 1654 evulganda
1058 1582 1117 1640 sint
1137 1583 1263 1640 convicia
1274 1582 1301 1639 in
1312 1581 1356 1639 La·
1421 1607 1422 1614 κ

226 1677 318 1745 tinum
338 1703 476 1745 conversa
496 1705 559 1746 eum
580 1689 678 1761 aliqua
697 1687 828 1747 fortassis
848 1689 1044 1761 responsione,
1067 1705 1130 1761 quae
1143 1689 1174 1746 iu
1187 1688 1248 1759 hoo,
1268 1687 1355 1760 dequo

231 1790 295 1849 dieo
316 1791 398 1857 libro,
419 1792 449 1850 in
469 1797 584 1850 nostras
605 1792 740 1850 ecclesias
768 1798 798 1850 et
817 1791 955 1850 advorsus
978 1791 1161 1850 Germaniam
1189 1790 1299 1850 fuerunt
1320 1807 1355 1848 ra·

230 1895 311 1954 biose
329 1897 458 1968 jactata,
490 1895 595 1954 deinde
622 1896 773 1969 privilegio
794 1895 897 1970 Papae,
930 1896 957 1954 d.
978 1896 1175 1968 Venetorum,
1207 1901 1237 1954 et
1254 1895 1357 1954 aliomn

227 1998 320 2058 Italiae
340 2001 499 2074 principum
521 1998 689 2058 confirmata
709 2017 762 2074 pro
783 2001 874 2072 veris;
902 2000 973 2058 mibi
1000 2000 1114 2074 quidem
1136 2000 1355 2058 consultissimum

227 2101 275 2179 (ut
295 2105 408 2180 scripsi)
430 2105 585 2163 videretur.

306 2208 385 2266 Intra
405 2213 466 2266 tres
486 2214 537 2268 aut
551 2213 675 2282 quatuor
690 2208 752 2266 dies
768 2209 812 2283 (ut
828 2207 901 2285 dixi)
914 2209 1065 2268 adveniam
1082 2207 1122 2286 (si
1136 2209 1216 2268 Deus
1230 2207 1354 2282 voluerit),

227 2311 374 2370 Celsitudo
396 2312 500 2371 Vestra
520 2313 717 2372 illustrissima
738 2312 904 2386 dignabitur
925 2312 1104 2386 significare,
1134 2331 1169 2372 an
1198 2313 1354 2388 Stutgardive

225 2412 324 2474 futura
344 2417 390 2474 sit.
431 2416 520 2476 Pater
540 2419 666 2476 ooelestis
687 2425 794 2492 augeat
813 2418 857 2477 illi
879 2435 946 2478 suos
966 2419 1078 2480 divinos
1100 2419 1262 2492 thesauros,
1287 2419 1354 2489 spiri·

225 2525 286 2580 tum
307 2525 337 2579 et
361 2519 448 2581 fidem
475 2539 527 2594 per
546 2522 691 2597 Christum
721 2523 866 2582 dominum
894 2531 1037 2596 nostram,
1068 2526 1115 2584 eui
1136 2541 1182 2583 me
1209 2528 1354 2614 reverenter

227 2625 404 2686 commendo.
1216 2631 1217 2634 ’

304 2755 443 2830 Tubiugae
456 2756 512 2847 'die
532 2757 576 2815 Ill
598 2756 751 2816 Februarii
772 2759 855 2818 1563.
925 2785 928 2792 ·

456 2887 661 2946 Illastrissimae
683 2887 869 2949 Celsitudinis
889 2889 1001 2949 Vestrae
1021 2843 1145 2948 servitor

1132 2995 1290 3069 Vergerius.

384 3120 570 3193 Postsoripta.

305 3252 346 3310 M.
368 3252 510 3326 Georgius
530 3250 715 3325 Weigellus¹
743 3254 813 3312 emit
843 3253 932 3334 hodie
959 3269 1048 3328 equos
1076 3255 1113 3314 ad
1141 3257 1351 3326 corrumperet

229 3370 285 3428 que
306 3356 335 3413 in
356 3355 500 3413 Prussium
529 3356 565 3413 ad
596 3373 678 3414 snum
706 3357 928 3417 illustrissimum
956 3361 1115 3432 prinoipem
1144 3360 1305 3426 discessum,
1331 3361 1353 3414 et

230 3459 302 3517 nibil
322 3460 401 3518 aliud
422 3465 580 3534 exspectat,
602 3478 686 3535 quam
707 3463 819 3522 litteras
840 3480 858 3521 a
878 3463 905 3521 d.
927 3459 1048 3524 Brentio
1070 3470 1100 3522 et
1121 3465 1238 3524 doctore
1249 3459 1351 3522 Fabro².

229 3562 304 3620 Nam
325 3563 363 3622 ad
383 3564 435 3622 hos
460 3563 532 3623 duos
553 3566 673 3624 etmihi
694 3582 809 3639 quoque
830 3567 1042 3640 illustrissimus
1062 3568 1189 3628 Pmssiae
1212 3571 1266 3628 dux
1283 3568 1353 3637 serip

228 3673 315 3742 serat,
337 3685 426 3742 quare
448 3670 526 3742 eupit
546 3677 698 3743 reportare
720 3687 898 3743 responsum.
939 3673 1020 3731 Nihil
1040 3674 1173 3746 simulat,
1194 3672 1313 3742 affirmat,
1329 3685 1352 3728 se

154 3850 156 3854 Ι
227 3774 321 3834 adhue
342 3791 404 3834 esse
425 3776 454 3834 iu
477 3792 519 3847 ea,
542 3775 571 3834 in
593 3793 650 3850 qua
670 3778 750 3850 prins
770 3776 867 3836 luerat
888 3779 1041 3838 sententia.
1072 3779 1104 3836 In
1122 3781 1176 3839 hoo
1196 3781 1288 3838 saltem
1304 3777 1352 3834 lau·

228 3878 347 3952 dandus,
369 3881 446 3952 quod
467 3897 523 3939 uon
544 3883 706 3955 palliatae,
729 3883 780 3942 sed
801 3883 895 3955 palam
916 3882 1078 3956 profitetur,
1100 3886 1177 3958 quod
1198 3883 1290 3953 sentit;
1308 3880 1351 3936 uti·

228 4001 293 4042 uam
315 3985 434 4044 meliora
455 3988 520 4060 quis
539 4003 596 4045 nou
617 3987 754 4061 optaret?
795 3987 854 4046 Sed
875 3988 942 4047 talis
964 3995 1017 4048 est.
1060 3987 1136 4060 Quid
1156 3990 1181 4048 si
1199 3987 1351 4048 indicaretur

302 4240 315 4294 1
337 4237 363 4292 S.
384 4255 410 4292 n.
431 4239 488 4294 lvo.
511 4241 569 4295 175.
607 4241 667 4296 Den
686 4241 762 4296 brief
779 4241 904 4298 welohen
925 4241 1033 4312 Verger
1056 4241 1115 4298 ihm
1140 4261 1176 4299 an
1200 4241 1249 4295 den
1266 4238 1348 4299 homos

229 4343 284 4383 ron
303 4324 432 4474 Prgulleu
451 4327 561 4397 miigab
580 4345 600 4384 s.
619 4329 681 4386 Sixt
701 4331 760 4387 592.

298 4414 314 4475 2
354 4453 361 4471 .
381 4432 410 4468 n.
429 4415 471 4469 ll.
