2830 5078
576 581 624 638 81.

327 699 451 797 Verger
474 735 516 776 an
538 712 658 794 herzog
681 709 865 792 Christoph.

388 843 539 915 Thblngen
561 844 599 899 25
621 841 703 913 April
727 841 810 898 1559.

96 968 236 1024 Berichtet
255 969 332 1024 seine
345 969 578 1038 verhandlungen
591 967 644 1022 mit
655 965 792 1030 Mariliac,
812 965 858 1020 die
877 965 936 1020 sich
955 965 1106 1020 besonders
1123 965 1175 1020 aul

40 1063 76 1118 die
92 1063 249 1120 aussichten
270 1065 318 1120 des
337 1064 581 1135 protestantismus
598 1065 628 1119 in
641 1063 811 1118 Frankreioh
831 1063 968 1132 benogeu3
988 1061 1091 1116 aheneo
1109 1060 1172 1116 deas

37 1176 60 1212 er
81 1159 248 1214 vertraulich
277 1160 329 1214 mit
356 1159 420 1214 dem
447 1159 604 1230 gesandten
630 1160 700 1215 uber
727 1158 772 1213 die
799 1157 898 1214 schuld
922 1157 1108 1213 Franlrreichs
1135 1174 1172 1212 an

38 1253 239 1327 thrttemherg
265 1256 450 1328 gesprachen,
477 1256 570 1311 ferner
597 1255 660 1310 dass
685 1253 757 1310 viele
776 1253 911 1309 ltalianer
936 1270 989 1309 von
1007 1253 1083 1309 Geni
1099 1253 1172 1308 nach

36 1348 237 1420 Wiirttemberg
256 1351 437 1408 einwandern
461 1351 519 1406 und
537 1349 583 1406 die
602 1349 820 1422 augsburgisehe
839 1349 994 1406 confession
1012 1349 1171 1405 anuehmeu

39 1445 136 1500 wellen.
472 1441 475 1450 ’

97 1541 145 1597 Die
163 1545 291 1598 antwort
308 1543 410 1614 herzog
429 1541 592 1612 christophe
609 1559 630 1596 s.
650 1559 677 1596 n.
696 1543 737 1596 82.

104 1658 303 1718 illustrissime
324 1659 461 1730 Princeps
482 1663 512 1715 et
533 1655 655 1714 Domine
677 1656 799 1714 Domine
821 1655 1069 1714 clementissime!

101 1763 210 1836 Accepi
236 1762 322 1822 hodie
344 1737 456 1820 traina
476 1760 663 1819 Celsitudiuis
690 1760 818 1832 litteras,
847 1761 949 1834 quihus
977 1761 1109 1831 mandat,
1140 1767 1173 1818 ut

35 1881 88 1936 ιιι
118 1868 238 1939 negotia
269 1883 332 1924 cum
361 1865 388 1924 d.
421 1865 517 1937 legato
548 1859 671 1923 Gallico
690 1866 872 1923 tractaverim
885 1865 909 1936 ¹,
947 1865 1065 1923 debeam
1097 1864 1173 1923 illico

35 1967 197 2039 significare.
238 1970 322 2042 Quae,
351 1986 415 2027 cum
441 1969 510 2026 mihi
531 1969 646 2026 minime
668 1969 878 2026 contemnanda
898 1967 1065 2039 videantur,
1093 1985 1172 2027 cram

33 2087 86 2129 mea
105 2081 210 2144 sponte
240 2089 305 2132 cras
332 2089 383 2146 per
411 2071 587 2144 peculiarem
612 2071 743 2130 nuntium
771 2070 999 2146 significaturum
1030 2073 1082 2131 sed
1109 2089 1173 2132 cum

33 2175 176 2236 advenerit
195 2176 375 2244 tabellarius,
399 2175 596 2250 pereundam
617 2175 754 2234 rescribo.
784 2177 817 2234 ln
838 2193 956 2248 summa,
977 2193 1040 2234 cum
1060 2177 1174 2250 legatus

32 2279 63 2336 sit
81 2297 146 2341 vere
170 2283 246 2354 piuS,
267 2283 304 2339 sit
324 2280 469 2354 prudeus,
491 2287 521 2338 et
542 2295 577 2338 ex
598 2287 710 2339 secreto
731 2281 809 2353 regis
830 2280 964 2349 consilio,
991 2281 1094 2354 petivit
1114 2297 1173 2340 me·

33 2399 86 2440 cum
106 2383 242 2444 conferre
263 2384 300 2443 oh
320 2384 518 2458 gravissimam
539 2391 569 2443 et
590 2385 799 2443 sanctissimam
827 2401 958 2457 causam,
990 2401 1111 2459 nempe,
1142 2393 1174 2445 ut

32 2485 212 2562 intelligeret,
234 2505 291 2562 qua
310 2492 423 2547 ratione
445 2489 557 2560 possint
578 2492 684 2548 nostris
706 2489 836 2548 ecclesiis
857 2487 956 2548 lavere
971 2491 1101 2550 nonnulli
1121 2492 1170 2565 pii,

35 2593 74 2662 qui
100 2593 179 2665 apud
207 2609 288 2682 suum
316 2591 438 2667 regem²
466 2592 495 2650 in
526 2609 630 2667 magna
658 2593 869 2652 existimatione
897 2595 1014 2666 degunt.
1061 2594 1173 2666 Ecquid

33 2675 206 2766 potestesse
228 2675 376 2770 optatius?
397 2703 464 2756 suut
485 2697 561 2756 euim
582 2697 640 2756 illic
661 2715 717 2756 non
740 2697 825 2772 pauci
844 2714 939 2772 neque
952 2715 1050 2772 purvae
1065 2701 1173 2757 autori·

35 2801 100 2874 tatis,
122 2805 174 2876 qui
193 2809 356 2874 promotum
377 2790 495 2873 cupiunt
515 2817 670 2860 renoscens
687 2801 793 2860 Christi
815 2802 1003 2875 euangelium,
1026 2810 1055 2861 et
1075 2804 1104 2861 hi
1125 2821 1173 2862 cu·

36 2906 110 2974 piuut
130 2905 336 2983 se·(quantum
363 2905 495 2982 possunt)
523 2905 649 2979 objicere
676 2907 852 2980 papistarum
880 2906 1043 2980 conatibus,
1075 2905 1174 2968 habita

35 3010 174 3070 nobiseum
193 3013 332 3084 prudenti
352 3013 550 3083 intelligentia.
592 3011 638 3070 Sic
659 3028 706 3070 res
731 3018 789 3085 est3
818 3011 924 3070 Vestra
945 3011 1094 3072 celsitudo
1115 3029 1172 3071 non
1258 3015 1262 3025 ‘

35 3113 149 3188 dubitet,
170 3115 223 3175 sed
244 3132 309 3174 cum
329 3115 507 3187 paucissimis
528 3117 666 3188 dignetur
685 3119 904 3176 communicare.
936 3118 1090 3190 Quocirca
1110 3135 1174 3176 cum

34 3233 110 3278 amc
130 3221 276 3293 petiisset,
303 3220 372 3293 quid
393 3237 458 3279 nam
481 3221 534 3280 hoc
554 3227 683 3294 tempore
705 3237 768 3280 meo
786 3221 896 3295 judicio
916 3219 1012 3280 faeere
1033 3222 1174 3282 deberent

36 3337 82 3392 pro
102 3325 248 3383 commodo
269 3332 432 3384 nostrarum
453 3325 647 3394 ecclesiarum,
669 3327 725 3398 ipsi
745 3327 801 3399 pii,
823 3327 872 3399 qui
892 3333 958 3384 sunt
978 3326 1056 3400 apud
1075 3343 1174 3399 regem

35 3426 60 3483 in
80 3429 298 3502 existimatione,
318 3429 455 3500 respondi
477 3447 513 3488 ex
533 3429 695 3502 improviso.
734 3429 805 3488 Gom
825 3432 854 3488 in
875 3447 945 3503 pace
966 3447 1058 3504 nuper
1078 3429 1176 3490 facta·

515 3619 517 3628 Ι
595 3569 609 3602 >lt

105 3679 119 3729 1
139 3679 198 3750 Vgl.
219 3697 245 3734 n.
265 3679 307 3734 te.
327 3681 368 3734 80.

104 3765 267 3820 2Heinrich
285 3766 329 3831 II,
359 3767 447 3836 hdnig
476 3769 528 3822 seit
548 3770 634 3833 1547,
661 3768 910 3835 †10Juli1559;
937 3772 1021 3824 uhter
1039 3771 1094 3824 den
1112 3787 1174 3826 vor·

41 3851 159 3918 nehmen,
177 3853 283 3908 welche
297 3853 352 3908 den
364 3855 609 3924 protestantismus
621 3855 772 3910 besonders
784 3856 996 3926 begiinstigten,
1017 3875 1109 3912 waren
1130 3857 1175 3912 die

42 3934 203 4004 Chatillons,
228 3939 349 4011 Coligny
367 3943 420 3994 mit
439 3941 542 3996 eeiuem
563 3943 665 3997 bruder
684 3942 818 4006 Andelot‚
848 3943 931 3998 sowie
951 3943 1000 3998 der
1018 3943 1101 3997 Prinn
1119 3960 1174 3998 von

41 4021 130 4078 Condi
147 4027 189 4081 die
207 4029 438 4093 bedentendsten,
459 4030 567 4084 damals
586 4029 681 4084 sehien
699 4030 770 4084 auch
783 4031 876 4085 Audon
896 4047 950 4085 von
966 4029 1097 4086 Bourbon
1116 4031 1175 4086 sich

41 4108 86 4163 der
105 4112 278 4170 reformation
296 4116 475 4185 zununeigen.

110 4199 123 4250 3
140 4199 191 4254 Der
209 4201 318 4256 frieden
337 4219 391 4258 von
410 4203 694 4273 Carasa-,cambresis
714 4205 730 4259 3
749 4205 829 4274 April
850 4206 932 4267 1559;
950 4206 1018 4260 weit
1036 4205 1115 4260 mehr
1132 4205 1175 4260 ais
1269 4267 1271 4272 ¹

42 4299 95 4335 von
112 4285 205 4342 diesem
224 4290 329 4344 antikel
348 4291 449 4359 sprach
467 4309 533 4346 man
553 4307 607 4346 von
623 4291 700 4345 einer
712 4291 861 4362 g'oheimen
872 4291 1060 4360 vereinigung
1068 4290 1173 4345 Frank-

42 4367 127 4424 reichs
144 4375 195 4428 und
213 4375 351 4446 Spauieus
370 4395 417 4432 zur
435 4377 666 4447 unterdrdchuug
684 4378 732 4432 dea
749 4377 999 4448 protestantismus.
