2862 5080
755 367 815 430 362
1288 359 1342 415 1562
1415 361 1416 452 i

211 542 315 601 mendo
337 547 506 600 reverenter
526 557 571 598 me
602 545 631 598 et
658 539 747 596 ilium.
792 540 877 598 Pater
899 537 1023 598 omlestis
1044 542 1151 608 augeat
1171 537 1340 596 Pientissimae
1415 617 1416 620 Ἴ

212 645 383 705 Celsitudini
411 646 522 703 Vestrae
553 661 619 703 suos
647 643 767 702 divinos·
788 643 952 714 thesauros,
982 643 1114 714 spiritum
1141 649 1171 701 et
1195 640 1277 700 fidem
1300 657 1340 712 per
1415 623 1416 626 ¹

211 747 357 806 Christum
378 746 523 805 dominum
545 753 683 805 nostrum.
1415 733 1416 736 '

289 851 427 923 Tubiugae
449 850 560 908 XXVII
581 849 759 923 Septembris
783 851 867 909 1562.

442 954 645 1012 illustrissima
668 953 854 1014 Celsitudiuis
875 953 987 1012 Vestrae
1008 953 1132 1012 servitor
1231 947 1232 951 ’

1115 1057 1276 1130 vergerius.

284 1183 578 1252 Rendbemerkungen
599 1199 651 1236 von
672 1181 720 1236 des
739 1181 854 1251 herzogs
872 1181 962 1235 hand:

280 1291 297 1325 u
318 1272 371 1326 We
390 1287 420 1325 er
439 1271 488 1325 das
508 1269 599 1324 bueoh
619 1266 817 1331 uberkhnmbt,
835 1267 918 1322 wolie
931 1268 984 1321 mir
996 1287 1024 1322 es
1039 1269 1199 1332 sehiekhen,
1219 1288 1248 1323 uo
1262 1269 1337 1328 sehon,

140 1353 144 1361 “
211 1358 293 1414 obes
313 1358 422 1428 windig‚
443 1358 493 1412 das
512 1355 624 1412 darauff
640 1355 865 1424 geauntwurttet
883 1354 982 1410 werde.

280 1445 298 1499 b
317 1446 346 1499 D.
363 1444 472 1498 Breucii
492 1442 676 1498 bedeuokheu
694 1441 812 1496 herober·
832 1441 888 1494 und
906 1441 937 1494 in
956 1441 1006 1510 der
1024 1442 1115 1496 neben
1133 1442 1338 1498 verzeichnciten

213 1530 334 1585 buechcr
351 1550 382 1584 uu
403 1530 502 1593 haben,
523 1529 558 1585 ob
579 1545 627 1598 eye
645 1528 704 1584 also
723 1546 852 1582 zusemen
872 1545 905 1580 zu
923 1528 1061 1582 truckhen
1081 1547 1113 1582 zu
1132 1530 1223 1584 lasseu
1241 1545 1319 1598 seyen.

282 1616 468 1672 cJezmaiien
488 1616 562 1686 gehu
580 1614 762 1670 Franokfortt
786 1613 896 1668 bedarff
919 1613 964 1668 iah
989 1615 1078 1670 seinos
1097 1617 1209 1669 vettern
1234 1615 1284 1678 nit,
1307 1633 1340 1667 uu

213 1701 258 1758 ich
277 1701 367 1756 seiuer
386 1702 501 1765 bedarii,
521 1698 636 1756 soli'nit
657 1718 803 1771 vergessen
823 1701 942 1768 werden.

756 1968 819 2022 166.

526 2088 648 2176 Verger
672 2111 714 2154 an
736 2088 854 2174 herzog
876 2087 1058 2172 Christoph.

566 2221 714 2292 Ttibingeu
738 2224 754 2276 ii
776 2217 902 2278 October
925 2221 1007 2277 1562.

282 2339 372 2394 Bittst
392 2357 437 2393 urm
456 2337 501 2393 die
521 2339 676 2403 erlaubniii‚
698 2338 758 2393 eine
770 2337 1040 2408 ¹gesammtousgabe
1061 2337 1153 2392 soiner
1165 2335 1342 2393 schriftonaui

212 2435 260 2488 des
279 2436 395 2505 herzogs
414 2435 510 2490 kosten
531 2435 723 2490 veranstaiten
743 2452 775 2487 uu
795 2433 909 2498 ddrfeu3
929 2432 1015 2488 bittet
1033 2433 1078 2488 fiir
1090 2434 1186 2488 seineu
1198 2431 1340 2489 neffeuund

212 2530 270 2586 sich
290 2549 335 2584 nm
355 2531 420 2600 geld
439 2532 496 2585 und
515 2535 592 2600 sagi,
613 2549 678 2586 meu
699 2529 831 2599 veriaugs
852 2528 1003 2584 wiederum
1023 2529 1100 2584 seine
1119 2529 1304 2585 anwesenhait
1319 2527 1340 2580 iu

212 2625 410 2681 Graubiiuden.

290 2723 487 2782 illustrissime
509 2723 647 2798 Princeps
671 2730 700 2781 ct
721 2724 842 2782 Domine
864 2723 986 2782 Domine
1008 2722 1249 2782 clementissime!

292 2829 394 2903 Optavi
417 2829 514 2887 venire
536 2835 668 2900 egomet,
700 2828 751 2887 sed
773 2845 835 2887 cum
855 2829 962 2902 possim
985 2828 1135 2900 judicare,
1166 2827 1223 2886 imo
1244 2827 1342 2885 audiam

211 2933 337 3007 undique
365 2919 415 3005 nro
442 2942 530 3000 certo,
554 2934 685 2992 Vestram
712 2933 939 2992 Illustrissimam
961 2932 1168 2992 Celsitudinem
1195 2949 1256 2991 esse
1282 2947 1344 2988 nuuc

212 3039 397 3096 vehementer
417 3045 593 3110 occupatam,
615 3040 702 3096 rnolui
724 3038 859 3105 scribere,
881 3056 917 3096 ue
932 3039 1069 3096 molestus
1084 3055 1176 3097 essem
1189 3037 1343 3103 advenieus;

213 3160 296 3216 spero
319 3143 394 3200 enim
413 3144 492 3202 illam
513 3143 577 3217 (pro
599 3161 650 3201 sue
671 3144 836 3218 elementia)
865 3146 939 3202 tanti
965 3141 1106 3202 facturam
1135 3160 1214 3201 meas
1239 3143 1344 3207 litteras,

212 3247 314 3319 quibus
334 3254 395 3306 tota
415 3265 462 3306 res
483 3264 535 3319 per
554 3265 599 3306 me
621 3249 774 3315 imiicetur,
796 3250 897 3322 quami
914 3247 1024 3306 faceret
1040 3265 1133 3306 meam
1147 3247 1342 3320 praesentium.

291 3351 390 3424 Spero,
419 3369 475 3409 non
501 3351 618 3410 oblitam
647 3369 709 3410 esse
736 3353 961 3411 illustrissimam
990 3351 1196 3411 celsitudinem
1219 3328 1343 3416 Vestram,

213 3456 279 3528 quin
302 3462 369 3513 ante
391 3473 470 3512 suurn
494 3458 651 3515 discessum
670 3459 767 3516 mittat
788 3475 935 3530 responsa,
958 3457 994 3515 de
1015 3457 1118 3530 quibus
1132 3462 1295 3516 reverenter
1307 3450 1344 3524 egi

215 3559 243 3615 in
266 3556 452 3618 schambach.
495 3559 532 3616 Et
553 3561 675 3630 primum
697 3559 830 3632 quidem,
862 3565 894 3616 ut
920 3560 1006 3618 iiceut
1033 3561 1101 3618 mihi
1123 3561 1227 3620 Vestro
1246 3563 1344 3630 sumptu

213 3679 305 3721 meam
326 3663 416 3720 veluti
434 3663 568 3722 ultimam
584 3665 701 3736 exsequi
715 3665 893 3722 voluntatem
915 3665 987 3739 (dixi
1008 3667 1092 3736 euim,
1114 3666 1192 3738 quod
1213 3681 1255 3723 mc
1273 3678 1343 3736 para·

215 3783 276 3825 rem
297 3768 332 3824 ad
354 3769 489 3842 mortem)
511 3770 539 3826 in
560 3769 758 3841 imprimendis
779 3770 888 3827 scilicet
909 3770 980 3828 meis
1001 3770 1093 3843 libris,
1114 3771 1219 3842 partim
1238 3765 1341 3832 Latinis,

211 3869 316 3942 partim
337 3870 444 3928 Italicis
455 3871 471 3928 ¹.
505 3871 589 3930 Addo
611 3873 687 3946 quod
709 3890 764 3930 non
787 3872 845 3930 dixi
865 3875 954 3946 prius,
976 3891 1021 3932 me
1043 3872 1127 3935 iacile
1149 3884 1340 3933 concessurum,

213 3981 244 4032 ut
264 3974 311 4032 uel
332 3975 359 4032 d.
381 3975 534 4048 Brentim,
564 3979 623 4034 sive
650 3975 736 4049 hujus
764 3977 870 4035 scholae
897 3977 1000 4036 decani
1029 3979 1181 4050 inspiciant
1207 3978 1240 4034 de
1266 3987 1341 4040 more,

212 4095 306 4151 neque
328 4081 404 4138 enim
425 4085 471 4138 est
491 4081 601 4138 aruimus
624 4081 724 4158 (absit)
746 4099 800 4139 nec
820 4083 907 4140 latum
931 4081 1341 4156 unguendiseedereanostm

213 4184 378 4242 renascenti
408 4184 539 4243 doctrina
566 4188 597 4241 et
621 4185 783 4258 praesertim
811 4184 1028 4244 aconicssione
1049 4185 1228 4260 Augustam,
1252 4193 1339 4253 quam·

782 4307 796 4344 s

282 4399 493 4458 ldmffiss,
