2830 5072
1406 10 1410 214 l

1303 342 1353 396 latr
1408 417 1409 430 ἵ

228 535 285 580 nou
305 517 528 593 reformabitur,
560 528 678 579 nec'me
701 520 846 578 voluerint
873 519 1047 592 admittere,
1071 521 1196 578 omnino
1218 524 1297 578 erunt
1312 533 1355 576 nor
1406 431 1410 576 1

227 625 312 685 modo
333 623 510 697 Germaniae,
531 623 582 683 sed
603 624 658 682 toti
678 623 804 696 Europae
824 622 998 680 odiosissimi
1018 623 1105 682 etiam
1125 623 1155 680 in
1175 628 1240 681 totu
1258 623 1356 694 posteri·

146 747 154 765 ·
227 738 297 790 tate.
339 731 414 803 Quid
440 745 541 804 posses
568 727 726 803 proficere,
759 728 837 786 dicet
857 728 963 787 Vestra
989 729 1188 787 illustrissima
1210 724 1356 785 Celsitudoi

227 835 415 909 Respondeo,
440 836 544 894 multos
565 851 629 894 esse
651 835 800 906 episcopos
821 833 1008 899 Nicodemos,
1038 834 1088 907 qui
1108 834 1219 892 babent
1239 850 1304 905 opus
1321 848 1356 888 er·
1408 841 1410 920 j

227 941 351 999 citeture
373 947 404 998 et
423 940 619 1008 stimulatore3
641 952 711 1008 ergo
730 937 810 994 inter
827 937 879 994 bos
893 936 1116 1012 (Deujuvantc)
1130 936 1242 1010 aliquid
1253 951 1357 1008 possem
1408 921 1410 990 ς’

226 1043 333 1102 deinde
354 1043 479 1102 aderunt
500 1059 535 1101 ex
555 1041 641 1100 Italia
661 1039 788 1112 plurimi,
808 1040 886 1096 inter
906 1055 978 1111 quos
994 1040 1123 1112 quotidie
1141 1057 1282 1098 versarer.
1306 1040 1358 1097 Hac

225 1149 368 1223 privatim.
409 1150 449 1206 At
469 1147 583 1222 publice
604 1161 751 1204 monerem
773 1145 866 1204 libere
895 1145 931 1202 de
952 1146 1156 1206 enormissimis
1177 1163 1279 1204 eornm
1297 1163 1358 1203 erro·
1408 1137 1410 1224 l

225 1254 304 1312 ribus
324 1261 412 1328 atque
433 1251 627 1326 palpabilibus
647 1267 817 1324 semperque
839 1257 1029 1322 protestarer,
1050 1268 1095 1308 me
1118 1252 1265 1324 privatum
1288 1251 1358 1308 hnmi-
1408 1251 1410 1292 ῐ

226 1375 292 1417 nem
312 1373 390 1424 esse,
419 1363 450 1417 et
470 1357 576 1416 nostris
598 1356 776 1415 Germanicis
798 1357 926 1416 ecclesiis
947 1357 1025 1416 nolle
1046 1357 1135 1414 ullum
1155 1356 1223 1414 fieri
1243 1356 1358 1428 praejudi-

225 1465 315 1536 cium,
337 1465 363 1521 si
382 1479 437 1535 ego
458 1462 563 1530 Italus,
592 1462 659 1520 olim
679 1463 832 1535 episcopus
852 1469 940 1536 atque
960 1462 1074 1536 legatus
1094 1479 1177 1533 papae
1199 1462 1358 1522 accesserim.

304 1568 362 1628 Sed
384 1565 475 1642 quid?
497 1566 561 1625 volo
583 1567 722 1634 divinare,
744 1567 788 1624 illi
809 1567 879 1624 mibi
900 1583 1046 1642 nunqnam
1059 1567 1261 1627 reformabunt
1272 1567 1358 1626 salvum

227 1673 410 1741 conductum,
431 1688 468 1730 ne
489 1671 639 1742 accedam,
662 1687 698 1728 ue
720 1669 869 1740 detegam,
899 1687 935 1728 ne
956 1670 1072 1729 turbem
1091 1671 1158 1730 illos
1179 1673 1209 1728 in
1232 1669 1359 1730 suamab

225 1795 329 1854 opere,
361 1794 532 1852 quamquam
553 1777 760 1836 honestissimae
781 1777 838 1836 sint
858 1777 931 1834 salvi
959 1777 1118 1836 conductus
1144 1775 1358 1844 reformationes

225 1901 295 1959 quas
316 1882 351 1942 ab
371 1883 428 1942 illis
448 1891 525 1955 pete.
559 1881 662 1940 Vestra
678 1881 877 1940 illustrissima
892 1882 1041 1942 Celsitudo
1063 1881 1232 1954 dignabitur
1252 1881 1359 1954 cogitare

225 2007 259 2048 ca
274 1991 311 2048 de
326 2005 367 2060 re,
388 2005 482 2060 neque
504 1988 588 2059 enim,
610 1987 664 2048 nisi
685 1993 750 2058 post
769 1989 875 2060 pascha
896 1993 973 2046 esset
994 1987 1119 2045 eundum
1142 1988 1180 2060 (si
1202 1987 1288 2044 modo
1307 2001 1358 2043 eau-

224 2094 291 2153 dum
310 2093 419 2170 fuerit).
460 2093 577 2151 Interea
595 2093 689 2150 Deum
709 2091 882 2164 rogabimus,
903 2099 936 2150 ut
950 2092 1060 2165 Spiritu
1074 2090 1182 2150 Sancto
1204 2109 1258 2150 suo
1279 2091 1360 2163 digne·

223 2207 272 2256 tur
292 2185 418 2270 dirigere
439 2203 538 2256 nostra
558 2197 685 2256 consilia.

302 2302 348 2361 Ad
369 2301 485 2360 laudem
507 2301 560 2359 Dei
581 2302 661 2360 etin
682 2303 806 2374 gratiam
826 2302 1032 2362 Illustrissimae
1054 2305 1245 2366 Celsitudiuis
1266 2307 1361 2364 Vestra

224 2407 384 2467 condonari
403 2406 595 2478 gravissimas,
617 2407 720 2480 quibus
740 2423 785 2465 me
807 2406 946 2468 affecerat
966 2408 1133 2483 Scaliclrius,
1155 2413 1281 2485 ianrias
1294 2413 1310 2469 ¹.

303 2512 410 2584 Accepi
431 2511 467 2569 ab
480 2511 674 2569 illustrissimo
691 2509 815 2568 Prussiae
828 2511 900 2570 duce
913 2511 1026 2570 litteras
1035 2511 1055 2584 ¹,
1078 2513 1182 2586 quibus
1203 2532 1251 2573 me
1272 2523 1362 2582 monet,

223 2625 255 2676 ut
276 2617 370 2676 adbuc
390 2633 473 2689 agam
495 2615 531 2674 de
553 2616 697 2689 legatione
725 2617 762 2674 ad
789 2618 1004 2676 serenissimum
1023 2617 1153 2676 Poloniae
1181 2638 1283 2694 regem
1311 2621 1362 2677 mit·
1408 2675 1409 2690 ,

222 2723 319 2794 tenda,
341 2739 398 2796 qus
418 2723 528 2780 scilicet
549 2722 714 2780 traheretur
734 2723 762 2779 in
784 2723 939 2781 amicitiam
960 2730 991 2781 et
1011 2722 1104 2782 foedus
1126 2732 1157 2782 et
1182 2741 1241 2799 qua
1258 2741 1363 2800 ageren-
1408 2701 1409 2704 Ἴ

222 2835 270 2887 tur
290 2813 392 2900 gratiae
412 2844 466 2900 pro
488 2827 562 2886 bono
583 2827 687 2897 auimo,
709 2827 786 2900 quod
805 2827 916 2886 scilicet
937 2829 1062 2888 voluerit
1081 2847 1198 2890 sorores
1219 2833 1251 2889 in
1265 2829 1363 2889 Vestris

221 2931 399 3007 principibus
420 2933 561 2992 collacare
574 2932 593 2990 ⁸.
634 2931 706 2990 Mihi
728 2939 808 2992 certe
830 2933 979 2992 videretur
1006 2935 1272 3006 consultissimum,
1303 2951 1363 3009 pra·

220 3037 321 3096 sertim
340 3053 424 3105 nuuc,
446 3043 479 3096 ut
499 3037 713 3109 admoneretur,
735 3055 771 3095 ue
793 3040 880 3096 etiarn
896 3040 1017 3098 concilio
1030 3041 1195 3110 assentiret,
1217 3041 1272 3100 sed
1286 3040 1364 3098 robis·

220 3161 285 3201 cum
305 3142 429 3201 viriliter
449 3142 624 3202 dissentiret.
666 3143 831 3202 Lndoricus
851 3159 932 3202 rueus
953 3160 1044 3217 nepos
1064 3153 1186 3218 propter
1211 3145 1363 3218 linguarum
1406 3197 1407 3204 ,

220 3249 354 3319 peritiam
377 3248 524 3306 videretur
545 3248 677 3319 idoneae,
709 3249 758 3320 qui
780 3250 954 3308 mitteretur.
998 3250 1070 3308 Nam
1091 3266 1145 3308 rex
1165 3268 1221 3308 non
1248 3252 1366 3324 loquitur

219 3352 345 3410 libenter
366 3353 421 3411 nisi
442 3354 548 3424 italice,
569 3360 763 3427 preterquam
784 3355 861 3428 quod
878 3371 1000 3428 sperem,
1023 3373 1068 3413 rue
1082 3361 1112 3413 et
1126 3373 1220 3414 meum
1239 3363 1365 3429 nepotem

219 3456 327 3514 babere
358 3457 584 3519 illustrissimum
616 3461 774 3532 palatinum
806 3460 997 3518 Vilnensem⁴
1027 3459 1266 3520 faventissimum.
1318 3459 1365 3520 Sed
1405 3475 1406 3510 r

219 3560 325 3618 Vestra
349 3559 548 3620 Illustrissima
576 3562 724 3623 Celsitudo
753 3565 965 3638 sapientissima
993 3566 1056 3636 plus
1084 3566 1181 3636 videt,
1213 3573 1295 3624 certe
1322 3566 1366 3622 boc

219 3666 366 3736 negotium
394 3667 430 3723 de
458 3667 572 3725 homine
600 3671 628 3726 in
651 3669 799 3728 Poloniam
828 3670 882 3729 hoc
909 3676 1039 3742 tempore
1068 3671 1209 3730 mittendo
1242 3688 1300 3729 non
1329 3675 1366 3726 est

293 3885 303 3934 l
326 3883 352 3938 S.
374 3883 412 3937 br.
431 3903 457 3940 n.
477 3886 519 3939 64.
539 3887 581 3940 94.

292 3972 382 4025 2Der
406 3972 483 4026 briei
504 3975 552 4028 des
577 3975 694 4044 herzogs
723 3993 775 4029 von
796 3975 923 4030 Preulieu
951 3995 1008 4030 war
1028 3995 1090 4032 vom
1112 3979 1144 4030 ld
1163 3975 1285 4032 October
1307 3973 1365 4029 1560
1403 4009 1404 4056 ἐ

218 4057 332 4112 datiert.
371 4059 492 4129 Ver-gers
516 4064 640 4117 antwort
666 4063 779 4128 darauf,
809 4063 914 4118 dabierb
941 4063 973 4118 18
992 4065 1100 4120 Jauuuar
1121 4066 1203 4126 1561,
1232 4061 1363 4117 beriobtet
1403 4057 1404 4080 ¹

218 4146 355 4201 ebenialls
375 4165 429 4201 von
449 4149 553 4204 scirem
567 4151 712 4204 verhoben
725 4150 799 4204 nach
812 4150 910 4206 Trient
922 4171 955 4206 zu
977 4152 1068 4222 gehen
1089 4151 1147 4205 und
1165 4149 1260 4204 seinen
1281 4144 1363 4204 neiien

217 4233 288 4288 nach
309 4233 480 4290 Frankreich
499 4254 532 4289 nu
551 4237 691 4292 schiclrsn.
729 4237 754 4291 S.
774 4237 838 4292 Sint
856 4257 876 4292 s.
897 4241 948 4294 558
967 4241 996 4292 ff.

287 4321 350 4375 3S.
370 4322 411 4376 br.
430 4341 456 4376 n.
477 4323 519 4378 93.

287 4410 304 4460 4
322 4407 348 4463 S.
368 4427 395 4462 n.
413 4411 457 4464 46.
477 4411 519 4465 93.
