2852 5076
54 341 115 394 1557
590 346 646 407 151

52 516 111 588 quin
130 514 252 574 libenter
280 516 318 574 sit
345 531 390 574 me
418 515 580 576 auditurus.
622 517 680 574 Oro
708 517 806 588 itaque
827 517 960 579 Vestram
982 516 1189 576 celsitudinem

52 619 174 690 supplex,
197 623 229 676 ut
250 635 313 676 curn
336 620 460 692 primurn
482 626 511 678 et
531 620 658 678 audierit
682 619 857 680 cardinalem
879 621 973 694 ipsum
994 637 1056 680 esse
1077 623 1106 680 in
1127 619 1189 680 linis

52 724 97 782 bus
115 723 184 797 (scio
206 741 263 782 non
286 724 383 782 uenire
405 741 458 796 per
479 739 568 796 equos
589 721 770 800 dispositos)'
790 725 926 798 dignetur
946 726 1082 784 mandare
1103 726 1189 784 alicui

52 845 81 884 ex
102 830 164 900 suis,
186 835 217 886 nt
238 844 283 886 me
305 827 340 885 de
363 846 398 888 eo
419 831 572 888 certiorem
594 827 690 902 faciat,
712 847 776 888 nam
798 831 895 890 statim
915 846 1104 888 accurrerem.

118 931 264 1004 FerellnS,
286 933 363 990 Beza
384 939 414 990 et
438 931 576 1004 collegre¹
598 931 796 1004 significarunt
817 933 884 992 mibi
906 949 958 1004 per
978 933 1099 1004 litteras,
1121 932 1189 1008 qnid

55 1041 124 1106 egerit
143 1035 171 1094 in
193 1052 292 1095 eorum
314 1037 469 1112 legatione.
503 1039 599 1108 Quare
622 1036 699 1094 volui
722 1055 777 1094 uno
794 1037 881 1096 uerbo
897 1036 1189 1096 Uelsitudinil'estrae

54 1139 179 1207 iudicare,
210 1158 256 1198 rue
284 1146 418 1212 paratum
440 1155 502 1197 esse
524 1138 651 1198 laborent
679 1139 759 1198 illum
787 1140 815 1198 in
838 1140 960 1200 Galliam
981 1157 1034 1214 pro
1055 1139 1189 1200 membris

52 1240 143 1298 Christi
163 1241 382 1316 proficiscendi,
411 1243 435 1299 si
456 1241 540 1300 ruodo
562 1241 683 1300 idoneus
705 1242 805 1300 videor
818 1249 855 1300 -et
876 1245 1036 1304 consultum
1057 1243 1190 1304 videatur

51 1346 149 1405 l'estrre
171 1348 359 1417 celsitudini,
388 1353 419 1405 nt
441 1365 494 1420 ego
515 1348 572 1404 ista
593 1347 741 1421 legatione
763 1347 875 1424 iungar.
916 1347 984 1406 Sum
1005 1355 1090 1408 notus
1117 1349 1188 1422 regi,

50 1448 129 1508 habeo
148 1455 257 1510 amicos
278 1451 339 1511 illic
360 1451 474 1509 minime
496 1451 607 1524 impios,
630 1469 683 1510 nec
703 1469 817 1524 paucae.
859 1453 888 1512 si
910 1471 971 1510 snm
993 1453 1123 1522 idoneus,
1145 1455 1187 1511 in-

50 1572 137 1626 quam,
165 1557 282 1616 labores
304 1573 360 1615 non
382 1556 528 1628 detrecto,
557 1573 621 1616 nam
642 1563 711 1629 puto
734 1559 883 1617 evanuisse
904 1561 1083 1618 occasionem
1105 1558 1188 1618 Polo·

53 1660 112 1718 rricae
133 1661 287 1733 legationis
299 1659 319 1718 ².
361 1660 535 1720 Commendo
557 1679 601 1720 ine
624 1669 793 1722 r·everenter
816 1663 926 1722 vesu-e
948 1662 1128 1722 celsitudini.

118 1767 258 1840 Tubingae
280 1769 298 1821 4
319 1766 490 1826 Nouembris
515 1771 597 1825 1557.

941 1867 1107 1941 Vergerius.

579 2139 626 2192 55.

337 2257 465 2344 Herzog
489 2257 663 2342 Christoph
690 2281 732 2323 an
756 2257 888 2344 Verger.

377 2388 523 2462 stuttgart
543 2391 561 2446 8
583 2389 746 2449 November
770 2392 852 2449 1557.

108 2512 237 2567 Autwort
257 2510 308 2565 auf
323 2528 349 2564 n.
369 2510 412 2564 52.
432 2512 474 2566 53.
493 2511 536 2564 54.

114 2613 167 2670 Dei
188 2612 285 2684 gratia
305 2610 530 2684 christophorus
551 2611 617 2668 Dua
641 2610 944 2683 Whrtteurbergensis.

115 2715 252 2776 Salutem.
294 2697 465 2774 Reuerende
486 2712 568 2772 uobis
588 2713 694 2772 dilecte
715 2731 749 2772 ec
769 2713 877 2772 tidelis!

115 2817 317 2891 Superioribus
339 2814 440 2875 diebus
461 2817 623 2888 accepimus
644 2821 742 2874 ternas
770 2816 897 2888 litteras,
927 2834 944 2874 a
964 2816 1044 2876 vobis
1065 2815 1186 2874 diversis

51 2924 212 2994 tenporibus
234 2923 365 2994 scriptas.
407 2920 452 2978 Ad
473 2936 544 2992 quas
565 2919 651 2978 citius
672 2919 934 2992 respondissemus,
957 2923 1012 2980 nisi
1032 2917 1185 2980 multitudo

51 3026 213 3096 negotiorum
246 3027 360 3098 aliaque
389 3024 594 3096 impedimenta
624 3025 811 3082 obstitissent.
851 3024 897 3082 Ad
928 3040 1048 3098 quarum
1074 3024 1187 3096 singula

52 3130 132 3200 capita
147 3133 207 3204 jam
228 3130 329 3202 paucis
350 3128 410 3186 haec
429 3127 561 3200 accipite.

117 3236 241 3294 Primum
263 3238 402 3306 quantum
423 3233 460 3314 ad
480 3231 626 3306 sponsalia
647 3237 745 3292 vestra
765 3233 885 3298 attinet,
908 3233 1085 3304 gratulamur
1105 3231 1185 3290 vobis

52 3335 99 3408 illa,
118 3356 214 3398 uerrnn
238 3338 314 3413 quod
336 3339 435 3410 petitis
465 3337 543 3396 uobis
574 3338 681 3408 licere,
715 3343 746 3394 ut
777 3338 849 3395 ritus
875 3337 1083 3409 conjunctionis
1110 3338 1187 3396 domi

54 3448 139 3500 rostrae
160 3451 246 3517 utque
268 3443 310 3500 ita
330 3443 464 3513 privatim
485 3441 658 3513 celebretur,
681 3441 709 3498 in
732 3457 766 3498 eo
788 3439 878 3498 multa
895 3441 1125 3499 inconvenientia
1135 3458 1185 3500 no-

53 3543 87 3602 bis
100 3547 305 3606 consideranda
320 3549 447 3619 ueniunt,
470 3552 589 3620 propter
611 3563 674 3620 qnae
695 3547 788 3604 rnlnns
809 3545 862 3603 lroc
883 3544 1005 3616 probare
1026 3561 1186 3618 possumus.

603 3675 617 3708 >lt

116 3780 126 3831 l
145 3780 208 3850 Vgl.
228 3793 256 3832 n.
276 3779 319 3831 49.
355 3776 436 3840 Bena,
456 3775 550 3838 Farel,
572 3775 682 3830 Carmel
701 3774 759 3828 und
776 3774 888 3830 Budtus
907 3791 1002 3830 nmen
1020 3790 1118 3846 wegen
1136 3775 1186 3829 der

56 3863 239 3922 entsetalichen
267 3864 453 3934 verfolgung,
482 3862 588 3917 welche
617 3861 663 3916 die
686 3861 910 3932 Evangelisoben
935 3860 1120 3916 Frankreichs
1147 3861 1185 3914 im

56 3947 199 4018 September
218 3951 308 4006 durch
326 3951 409 4005 einen
428 3949 536 4005 arullanf
546 3950 575 4003 in
589 3949 639 4003 der
651 3949 745 4004 stralle
759 3949 798 4004 St.
808 3950 927 4019 Jacques
940 3948 1077 4018 getroffen
1097 3949 1185 4010 hatte,

57 4035 178 4094 ebermahs
197 4040 270 4094 nach
288 4037 480 4093 Deuteehland
500 4037 621 4108 geneist,
650 4036 750 4090 hatten
775 4037 791 4091 8
810 4034 930 4091 October
947 4035 977 4089 in
996 4035 1106 4090 Worms
1124 4035 1185 4088 ihre

56 4124 168 4196 anliegcn
191 4143 239 4180 nm
266 4127 457 4198 vernandung
482 4125 678 4196 vorgebracht.
714 4125 763 4179 Boi
788 4125 891 4193 beraog
909 4123 1057 4192 Christopb
1084 4123 1184 4175 hatten

57 4207 88 4264 ric
103 4214 166 4268 ende
179 4215 303 4269 October
315 4214 345 4268 in
355 4213 493 4270 Wildbad
512 4213 631 4268 audiena
648 4213 705 4268 und
717 4213 832 4268 worden
845 4228 900 4266 von
918 4210 977 4264 ihm
994 4209 1055 4264 anfs
1074 4209 1184 4263 traund-

58 4291 140 4352 liobste
159 4299 336 4370 empiangen.

114 4386 128 4438 2
144 4386 169 4440 S.
188 4405 213 4440 n.
232 4389 267 4442 49
278 4404 302 4442 a.
