2862 5080
743 359 806 420 330
1221 371 1236 392 ι
1280 354 1342 410 ress
1421 307 1422 402 Ῐ

199 541 236 584 ex
257 523 348 610 tratre
369 532 502 599 nepotes,
534 527 609 585 alter
629 515 780 600 Aurelius,
800 530 821 601 j.
843 545 871 586 u.
893 527 943 599 dr,
970 527 1045 588 alter
1064 527 1240 588 Ludovieus.
1271 527 1343 601 Quod

198 630 235 688 ad
256 630 328 688 duos
349 632 468 702 priores,
491 630 562 690 nihil
582 633 690 691 attinet
709 632 815 704 dicere,
838 648 901 690 oum
923 633 999 690 euim
1017 639 1141 707 uterque
1156 634 1342 707 existatapud

198 751 259 806 nos,
277 735 336 795 illis
352 753 407 794 non
422 753 520 796 sumus
534 734 669 796 delaturi.
699 737 817 798 Tertius
832 737 1005 809 Ludcricus,
1021 743 1210 811 posteaquam
1222 739 1343 807 Gelliam,

198 841 376 915 Hispaniam,
397 843 532 915 Angliem
552 842 667 917 aliaque
688 859 778 916 regna
796 849 825 902 et
850 844 1013 917 provincias
1026 844 1202 916 peragravit,
1223 844 1343 902 militiam

199 947 310 1006 scilicet
331 953 458 1020 secutus,
480 947 516 1006 ab
536 947 644 1006 illustri
665 948 792 1008 Prussiae
814 948 895 1020 duce,
917 953 1041 1020 cognato
1061 954 1181 1019 nostro,
1209 949 1239 1006 in
1260 948 1342 1007 cousi·

198 1047 312 1110 liarium
332 1055 483 1124 susceptus
504 1055 562 1122 est,
584 1055 615 1110 et
634 1051 729 1124 spatio
751 1051 866 1125 quidem
887 1052 987 1110 decem
1007 1069 1149 1112 annorum
1171 1055 1219 1110 vix
1239 1052 1282 1111 bis
1300 1069 1342 1125 pa·

200 1155 284 1212 triam
305 1155 402 1214 invisit
424 1160 454 1216 et
474 1154 590 1228 quidem
610 1171 663 1228 per
683 1157 871 1229 paucissimos
891 1157 963 1226 dios,
985 1157 1061 1216 uude
1084 1175 1148 1216 aum
1169 1173 1278 1216 summa
1292 1173 1342 1215 om·

199 1257 279 1316 nium
299 1259 503 1318 benevolentia
524 1265 554 1318 et
574 1260 660 1320 laude
682 1260 824 1320 discessit.
855 1260 938 1321 Nunc
951 1277 1019 1320 vcro
1036 1261 1206 1334 audivimus,
1222 1261 1342 1321 Vestram

200 1361 345 1422 illustrem
363 1364 594 1426 Demiuatiouem
616 1381 669 1436 per
694 1365 808 1426 litteras
826 1365 986 1437 mandasse,
1014 1372 1048 1426 ut
1067 1367 1091 1426 si
1112 1366 1142 1425 in
1163 1369 1284 1440 patriam
1303 1382 1341 1423 re·

200 1473 345 1540 vertatur,
376 1476 501 1540 ponatur
520 1470 550 1528 in
571 1470 701 1542 vinculis,
722 1487 787 1544 quae
808 1486 855 1528 res
876 1486 928 1530 uos
949 1471 1139 1530 admiratione
1164 1471 1268 1540 affecit,
1288 1487 1341 1528 cnm

204 1571 286 1630 uobis
302 1569 479 1645 affirmetur,
501 1573 572 1634 uilril
592 1575 634 1633 illi
655 1593 780 1648 unquam
801 1573 889 1634 icisse
911 1593 963 1634 uec
984 1575 1130 1649 objectum
1151 1575 1274 1650 quidem,
1292 1577 1340 1632 imo
1422 1645 1423 1648 Ἴ

204 1676 317 1748 vivere,
340 1683 372 1735 ut
393 1675 519 1738 nobilem
543 1685 573 1738 et
596 1679 701 1738 honum
724 1681 818 1740 virum
843 1680 941 1753 decet,
968 1681 1095 1754 nihilque
1117 1679 1205 1740 fuisse
1224 1680 1340 1739 auditum

201 1778 237 1838 de
251 1796 286 1838 eo
301 1782 411 1841 sinistri
424 1800 558 1856 uuquam.
587 1785 681 1856 Quare
696 1784 893 1858 gravissimum
908 1789 993 1858 esset,
1006 1785 1130 1858 perdere
1141 1788 1262 1860 patriam
1273 1785 1340 1844 nulla
1422 1805 1423 1814 ¹

202 1885 384 1962 precedente
405 1888 577 1960 cognitione,
598 1889 676 1947 nullo
693 1888 815 1962 judicio,
836 1887 916 1948 nulla
936 1890 1083 1962 citatione,
1104 1890 1147 1948 ita
1169 1897 1202 1948 ut
1222 1889 1340 1948 videatur

201 1989 231 2046 id
252 1987 367 2062 iactum,
389 1993 470 2064 quasi
491 1995 547 2051 istu
567 1995 735 2068 gravissima
756 1993 918 2065 respublica
939 1993 1012 2052 nolit
1031 1993 1126 2067 ferre,
1146 2001 1180 2053 ut
1200 1996 1263 2067 ejus
1282 1993 1338 2052 sub·

204 2092 272 2152 ditis
298 2095 385 2154 liceat
411 2111 500 2169 penes
527 2095 655 2156 illustres
676 2097 839 2156 Germaniae
866 2098 1011 2172 principes
1040 2099 1144 2158 vivere.
1186 2097 1257 2156 Cum
1281 2115 1338 2156 vero

201 2215 253 2257 nos
274 2199 377 2259 deceat
389 2201 490 2258 horum
504 2201 708 2274 Vergeriorum
725 2219 822 2260 curam
843 2219 955 2275 gerere,
977 2196 1079 2277 utpote
1100 2219 1210 2276 eorum,
1231 2202 1339 2276 quosin

201 2309 328 2362 nostram
349 2304 468 2364 tutelam
490 2303 633 2378 fidemque
654 2305 844 2378 suscepimus,
876 2311 938 2364 tum
959 2307 1045 2366 etiam
1065 2313 1187 2381 propter
1207 2309 1338 2380 cognatio·

201 2423 266 2468 nem
287 2415 317 2466 et
338 2408 591 2479 uecessitudinem,
614 2427 678 2482 quae
699 2408 782 2468 nobis
803 2426 867 2468 cum
886 2409 994 2470 illustri
1014 2411 1140 2473 Prussrae
1162 2412 1234 2470 duce
1254 2411 1339 2470 existit

202 2512 246 2588 (et
266 2513 336 2572 satis
356 2513 442 2588 louge
463 2514 529 2572 hinc
549 2514 674 2586 habitat,
706 2531 760 2572 neo
780 2512 932 2574 defuturus
953 2515 991 2574 sit
1011 2531 1062 2574 suo
1092 2515 1270 2588 consiliario,
1296 2514 1338 2572 uhi

201 2634 262 2678 rem
274 2618 409 2697 noverit),
420 2619 551 2678 Vestrum
568 2619 775 2678 Celsitodinem
795 2621 965 2680 monendam
982 2627 1011 2680 et
1032 2621 1189 2694 rogandam
1210 2621 1337 2688 duximus,

202 2728 234 2783 ut
255 2725 326 2783 velit
345 2726 374 2782 iu
396 2731 522 2786 nostram
543 2732 573 2784 et
593 2726 682 2798 ipsius
703 2726 829 2784 Prussiae
850 2725 931 2784 duris
952 2726 1075 2798 gratiam
1091 2742 1228 2785 revocare
1240 2727 1337 2784 litteras

204 2833 304 2888 eontra
324 2845 476 2902 personam
497 2829 629 2903 praedicti
640 2829 780 2902 Ludorici
801 2831 988 2904 conscriptas,
1009 2837 1042 2902 ut
1062 2831 1149 2889 liceat
1169 2832 1212 2889 illi
1231 2829 1337 2904 patrium

202 2935 335 3005 invisere,
357 2934 609 3008 quandovolnem't
624 2935 714 3012 (nunc
734 2935 811 2993 enirn
832 2952 889 2994 nori
903 2934 991 2994 lrabet
1004 2937 1033 2994 in
1052 2934 1170 3012 auimo),
1193 2935 1265 3009 quod
1281 2949 1337 3006 pro·

203 3037 280 3098 fecto
313 3055 364 3097 nos
389 3025 513 3098 osticium
541 3041 734 3114 gratissimum
762 3057 859 3098 sumus
889 3039 1015 3098 habituri
1041 3041 1288 3114 conservatumque
1311 3039 1336 3094 iu
1423 3063 1424 3100 ι

203 3146 349 3214 memoria,
372 3145 485 3219 quoties
506 3145 688 3219 contingeret
709 3146 833 3218 occasio,
862 3162 920 3219 qua
940 3161 1088 3217 possemus
1114 3146 1162 3203 isti
1186 3145 1336 3217 justissima

202 3250 370 3324 reipublicae
390 3266 499 3309 morem
519 3267 637 3323 gerere:
659 3257 851 3324 praeterquam
872 3250 949 3322 quod
966 3250 996 3307 id
1011 3249 1092 3308 nobis
1107 3251 1223 3310 videtur
1235 3251 1335 3322 exigere

200 3355 330 3429 justitia,
359 3371 395 3412 ne
424 3356 493 3429 quid
518 3360 664 3414 statuatur
691 3357 720 3412 in
741 3354 888 3413 subditum
909 3353 1075 3422 absentem,
1103 3356 1157 3412 nisi
1184 3356 1292 3414 citatum
1310 3357 1335 3409 et

203 3460 351 3518 monitum.
392 3460 457 3518 Nou
479 3459 659 3530 dubitamus,
681 3460 748 3532 quin
770 3460 916 3531 accepturi
938 3459 1025 3516 simus
1046 3475 1099 3533 per
1119 3459 1206 3519 istum
1225 3457 1333 3532 peculia·

203 3581 272 3636 rem,
295 3579 379 3637 quem
400 3565 539 3623 mittimus
561 3565 701 3632 nuntium,
723 3579 899 3636 responsum,
921 3562 1006 3636 quale
1028 3564 1197 3635 expet-imus

281 3667 361 3727 Bene
382 3669 479 3728 valeat
495 3669 599 3728 Vestra
620 3667 743 3726 Illustris
763 3668 938 3738 Dominatio,
959 3668 1004 3726 cui
1027 3683 1079 3726 uos
1100 3665 1241 3726 offerimus
1258 3670 1331 3736 atque

204 3773 443 3834 commendemus.
485 3774 592 3832 Datum
613 3779 667 3831 eto.

281 3879 431 3937 Mitterem
451 3878 599 3952 proprium
619 3878 772 3950 homiuem,
795 3895 884 3952 quare
898 3877 1040 3936 addendae
1055 3877 1097 3936 illi
1109 3882 1205 3937 essent
1217 3877 1330 3950 patentes

203 3985 310 4043 litterae
330 3983 434 4042 Latina
454 3984 560 4056 lingua.
587 3983 713 4070 ‘Nomen
736 3985 812 4056 ejus,
839 4000 924 4056 quem
944 3984 1100 4056 mitterem,
1128 3989 1172 4042 est
1190 3977 1328 4040 Venturino

203 4089 383 4148 Menocrino.
425 4089 501 4148 Satis
522 4096 610 4158 esset,
630 4091 654 4146 si
675 4089 829 4158 diceretur,
852 4089 928 4162 quod
947 4088 1053 4146 Vestra
1072 4087 1257 4148 Illustrissima
1273 4079 1328 4138 Gel-

203 4194 298 4254 situdo
319 4195 416 4252 mittat
436 4210 501 4252 eum
522 4193 660 4252 Venetiae
682 4200 712 4252 et
731 4195 760 4251 in
780 4194 895 4252 ltaliam
915 4209 968 4266 pro
988 4194 1048 4252 suis
1069 4193 1198 4267 negotiis.

274 4305 326 4360 Am
345 4305 433 4361 rande
451 4305 522 4360 daun
542 4322 596 4361 von
615 4306 662 4362 des
680 4306 906 4376 hemogshand:
925 4305 982 4360 liat.
