2862 5080
741 351 804 413 cre
1019 337 1022 360 '
1285 343 1345 402 ress

202 517 239 578 de
259 517 353 592 glorie
372 518 437 577 Dei.
474 517 623 580 celsitudo
645 519 748 580 Vestra
767 520 965 580 illustrissime
986 519 1123 594 dignetur
1139 519 1211 579 mibi
1228 537 1292 580 enm
1304 537 1344 580 ve-

200 621 276 681 niem
304 621 479 694 concederc;
511 639 577 680 nom
596 623 732 696 promitto
759 629 866 694 cenete,
895 639 940 683 me
965 625 1074 684 iturum
1093 625 1220 682 menime
1240 625 1346 685 conteis

201 733 231 786 et
260 727 426 798 diligentia,
455 741 491 784 ne
526 727 631 800 possim
660 727 874 800 comprehendi.
916 727 974 786 Res
1003 743 1068 786 meo
1092 729 1190 801 egitur
1220 735 1251 786 et
1281 745 1347 787 nnnc

201 831 292 889 multo
312 830 411 903 magis,
432 845 517 904 quem
539 836 774 904 unqnsmenteo;
792 847 860 890 num
877 833 953 889 enim
966 833 1113 904 attigerim
1123 832 1247 902 senium,
1268 832 1345 905 Pspae

200 935 326 994 libenter
346 935 526 1010 surriperent
546 935 642 1010 aliquo
662 935 756 994 modo.
787 935 861 994 Peto
881 935 911 994 iu
932 953 1042 996 summe
1055 921 1185 1006 veniam,
1206 955 1265 1011 qne
1285 936 1346 995 mibi

200 1039 288 1098 lineet
308 1039 388 1098 cbire
410 1045 440 1098 et
460 1039 609 1110 citissime,
638 1039 692 1100 boc
718 1047 763 1098 est
788 1039 872 1099 initio
899 1041 1006 1099 mensis
1030 1041 1209 1116 Septembris
1238 1042 1346 1113 redire3

201 1144 274 1200 benc
293 1143 318 1202 si
343 1142 520 1202 occasionem
544 1143 690 1215 dimisero,
711 1143 809 1202 nescio
830 1144 970 1217 emplius,
1001 1143 1052 1202 nbi
1076 1145 1183 1219 possim
1211 1147 1347 1205 collocare

202 1263 294 1306 meum
322 1247 439 1320 neptim.
472 1246 646 1306 Commendo
674 1265 719 1306 me
741 1247 853 1308 Vestroe
872 1247 1079 1308 Illustrissimae
1107 1248 1284 1308 Celsitndini
1308 1266 1346 1307 re-

205 1357 348 1411 verenter.
389 1351 479 1410 Voleo
499 1351 684 1411 mediocriter
703 1369 767 1411 meo
791 1369 945 1426 increper
965 1353 1021 1412 Dei
1041 1355 1172 1426 gretiam.
1204 1355 1306 1414 Gratis
1323 1360 1349 1412 ct

203 1473 260 1530 pen
281 1456 387 1514 domini
408 1456 499 1514 nostri
518 1456 588 1515 Jesn
611 1455 718 1515 Christi
738 1457 774 1516 sit
795 1472 908 1530 semper
928 1473 993 1516 cnm
1011 1457 1070 1516 illa.

283 1559 367 1618 Datos
388 1559 527 1632 Tubingae
548 1566 652 1633 queris
673 1561 720 1620 dic
741 1563 866 1636 Augusti
887 1579 962 1621 enno
984 1561 1101 1620 Domini
1121 1563 1210 1620 1564.

257 1657 259 1662 ’
431 1663 636 1724 illustrissime
659 1665 846 1726 Celsitudinis
866 1667 979 1726 Vestree
1000 1668 1125 1727 servitor

1107 1767 1275 1842 Vergen'us.

744 1979 811 2034 212.

507 2087 631 2176 Verger
655 2111 698 2155 en
719 2089 838 2175 herzog
862 2088 1045 2174 Chrisboph.

549 2201 699 2274 Tibingen
721 2203 759 2259 20
780 2203 893 2274 August
917 2205 1001 2261 1564.

276 2303 381 2376 verger
409 2304 529 2368 meldet,
557 2305 607 2359 der
627 2305 716 2374 junge
745 2305 818 2358 iiirsb
842 2304 972 2360 denivil
996 2305 1079 2360 welle
1107 2304 1179 2359 nach
1206 2304 1347 2374 'l'iibingen

203 2401 343 2456 kommen.
1005 2403 1007 2406 ’

279 2499 476 2560 Illustrissime
499 2499 637 2574 Princeps
658 2505 687 2556 et
709 2500 830 2558 Domine
851 2499 976 2558 Domine
997 2499 1243 2560 clementissime!

280 2604 337 2664 Fui
356 2621 439 2665 mnne
460 2604 547 2664 Ureci
574 2623 638 2664 cum
666 2621 807 2677 generoso
829 2605 944 2664 domino
966 2605 1121 2678 Ungnadio
1135 2606 1154 2664 ¹.
1196 2603 1346 2675 Tubingem

201 2723 336 2768 reversus
356 2711 453 2768 inveni
474 2710 604 2769 nuntium
626 2727 689 2768 cum
710 2710 816 2768 litteris
836 2710 1021 2770 illustrissimi
1044 2710 1152 2768 domini
1172 2705 1344 2776 Redzivilli¹,

203 2815 251 2886 qui
271 2813 309 2871 od
329 2829 374 2870 nne
401 2814 515 2886 scribit,
544 2830 574 2872 se
602 2813 803 2885 constituisse,
824 2813 985 2887 Tubingem
1005 2815 1114 2872 venire.
1156 2813 1238 2872 Petit
1258 2818 1346 2872 eutem

202 2935 218 2976 e
240 2934 293 2990 me,
314 2924 347 2978 ut
365 2919 408 2976 illi
429 2916 465 2977 de
486 2919 641 2978 commodis
661 2920 723 2996 (vel
744 2918 877 2992 qualibus
894 2935 1009 2992 possum
1026 2917 1152 2990 oedibus)
1172 2917 1344 2992 prospiciam
1426 2929 1427 2982 i

202 3023 265 3096 Ego
285 3023 315 3080 in
335 3025 458 3096 gretiam
477 3025 544 3082 telis
564 3024 700 3097 principis
721 3023 816 3081 omnin
836 3021 963 3082 libenter
990 3022 1109 3095 faciem,
1142 3022 1257 3081 etiamsi
1283 3035 1344 3078 mee

201 3126 292 3199 ipsius
312 3125 390 3186 redes
410 3129 468 3186 sint
487 3127 603 3200 dondae3
633 3127 683 3185 sed
706 3143 809 3186 vercor
828 3127 917 3185 telem
938 3128 1089 3185 materiem
1110 3127 1294 3201 contingere,
1312 3141 1343 3182 ne

203 3247 259 3304 que
278 3230 365 3289 turbs
385 3231 515 3290 fortassis
535 3232 653 3290 orietur.
686 3232 774 3290 Venit
785 3233 859 3290 enim
871 3231 1048 3290 Rndzivillns
1069 3247 1105 3288 ex
1124 3231 1189 3289 loco
1210 3237 1291 3303 peste
1308 3231 1343 3287 in·

202 3333 288 3406 fecto,
308 3337 349 3394 ito
370 3335 635 3408 utcoectnsinerit,
657 3353 688 3394 se
700 3337 831 3410 recipere
847 3336 878 3394 in
894 3335 1116 3396 Gerthusianurn
1137 3337 1341 3394 monasterium.
1425 3347 1426 3386 1

201 3440 235 3497 In
258 3439 312 3496 hoc
337 3439 424 3499 dubio
450 3441 586 3499 constitui
615 3442 651 3499 ad
673 3441 899 3504 illustrissimum
921 3440 1129 3499 Oelsitudinem
1152 3440 1284 3498 Vestram
1301 3453 1339 3494 oc·

203 3559 339 3615 currere,
372 3551 403 3604 ut
423 3552 538 3604 moneat
557 3562 609 3604 sun
634 3545 807 3618 prudentie,
841 3545 910 3619 quid
935 3545 1078 3618 egendum
1105 3543 1204 3604 inerit.
1244 3545 1278 3602 In
1295 3560 1339 3612 me,

202 3650 276 3720 dico,
296 3649 376 3709 nulle
397 3650 454 3708 erit
474 3666 568 3721 moro,
590 3650 642 3709 sed
662 3667 699 3708 ne
720 3651 855 3721 injuriam
875 3648 979 3707 inciam
1001 3649 1209 3708 Illustrissimee
1230 3647 1339 3708 Celsitn-

202 3754 262 3812 dini
282 3752 396 3811 Vestrae
417 3760 447 3812 et
466 3755 522 3826 ipsi
542 3753 690 3826 Tubingae,
712 3755 853 3826 consisto;
876 3755 925 3813 illo
946 3755 1082 3828 dignetur
1103 3754 1257 3822 mundare,
1285 3767 1337 3809 neu

203 3859 280 3934 qnod
303 3859 439 3932 jusserit,
471 3875 598 3932 exequar
623 3859 686 3917 siue
713 3876 809 3931 more,
841 3865 929 3933 etque
954 3859 1160 3918 Illustrissimoe
1182 3853 1336 3917 Gelsitndini
1424 3871 1425 3884 ι

203 3965 316 4023 Vestrae
336 3981 381 4022 me
402 3967 570 4023 reverenter
590 3962 766 4022 commendo.

282 4068 420 4151 Tubingae
440 4070 478 4126 20
499 4067 623 4140 Augusti
643 4085 718 4127 anno
744 4069 826 4128 1564.
850 4047 853 4058 ¹

966 4170 1124 4246 Vergcrius
1144 4171 1272 4230 servitor.
1295 4191 1299 4202 ·

774 4279 790 4313 1

275 4325 288 4378 1
309 4321 335 4376 S.
354 4338 381 4375 n.
401 4320 444 4376 30.

274 4409 291 4464 2
309 4410 337 4463 S.
355 4427 383 4462 n.
402 4408 436 4462 46
454 4407 513 4465 oud
532 4405 591 4462 ret.
