2830 5078
33 413 89 469 leto
562 419 625 480 227

29 587 214 646 celebritatem
235 587 358 644 nominis
378 586 584 646 Illustrissimae
601 586 786 646 celsitudinis
803 588 924 660 Vestra,
945 593 1088 662 tamqnam
1109 589 1167 647 sin·

29 691 124 763 gularis
137 692 277 765 praecipui
291 697 322 748 et
333 692 429 750 eximii
444 693 572 750 ecelesiae
589 693 653 761 Dei,
675 694 839 752 litterarum
853 699 883 752 et
903 690 1020 763 pietatis
1042 691 1166 764 nutricii,

29 798 131 870 patroni
152 802 183 853 et
204 793 372 854 defensoris.

95 899 176 958 Inter
196 899 259 956 haee
278 891 375 972 antem
396 900 517 973 privata,
539 899 699 958 domestica
720 908 749 959 et
770 899 940 958 scholastica
960 902 1077 974 negotia
1091 916 1167 960 oom-

30 987 121 1062 nendo
143 1010 174 1060 et
193 1004 252 1060 alia
274 1002 330 1062 duo
351 1003 446 1062 civilia
466 1011 497 1064 et
516 1004 635 1076 politica
656 1005 751 1078 magni
771 1003 908 1062 momenti
924 1005 961 1063 ad
976 1004 1096 1078 gloriam
1113 1005 1168 1064 Dei

33 1113 56 1165 et
72 1108 106 1165 ad
124 1107 366 1180 tranquillitatem
387 1108 554 1181 reipublicae
574 1126 749 1183 magnopere
773 1111 959 1182 pertinentia,
982 1127 1095 1170 oausam
1115 1114 1169 1171 sei·

29 1214 86 1270 licet
106 1213 273 1286 nuptiarum
295 1216 541 1274 serenissimorum
563 1216 691 1274 Poloniae
713 1215 854 1274 irrlantnm
868 1215 893 1286 ¹,
922 1215 1027 1274 deinde
1054 1232 1168 1274 causam

26 1316 96 1376 feudi
125 1318 246 1376 ducatus
273 1318 418 1384 Prussiae,
450 1335 513 1391 quae
546 1335 601 1376 non
633 1319 725 1376 minus
755 1318 792 1376 ad
821 1320 914 1391 ipsum
946 1317 1169 1376 illustrissimum

27 1423 143 1481 Prnssiae
167 1424 285 1494 ducem,
315 1439 399 1494 quarn
421 1423 458 1482 ad
478 1425 661 1496 majestatem
681 1425 804 1494 regiam,
834 1421 978 1480 dominum
998 1439 1093 1480 meum
1113 1423 1170 1482 ole-

27 1528 239 1598 mentiosimnm,
260 1509 409 1599 pertinet'
426 1527 491 1586 Non
508 1537 552 1586 est
572 1533 669 1586 autem
690 1544 761 1600 opus
783 1526 818 1584 de
840 1526 958 1598 singulis
979 1525 1024 1584 bis
1043 1528 1171 1586 materiis

26 1635 104 1706 longa
123 1635 289 1704 scriptione,
307 1633 537 1706 quandoquidem
551 1633 683 1690 dominns
692 1633 850 1704 Vergerius
862 1647 957 1690 eoram
969 1631 1065 1704 latius,
1081 1630 1171 1691 insius

26 1747 50 1797 et
68 1740 209 1798 disertius
229 1739 434 1796 illustrissimae
455 1737 627 1797 celsitudini
665 1738 773 1796 Vestrae
805 1735 975 1809 explicabit,
1001 1752 1088 1808 quem
1114 1751 1171 1794 una

26 1859 82 1902 enm
105 1845 162 1902 boe
184 1845 325 1902 servitore
348 1860 411 1901 meo
423 1843 595 1902 Baltbasaro
614 1843 765 1902 Lebwaldt
785 1842 969 1912 auctoritate,
989 1841 1171 1914 promotione

25 1953 50 2003 et
68 1945 192 2006 consilio
218 1963 270 2004 sno
295 1947 397 2017 juvare
426 1945 611 2020 dignabitur,
642 1953 675 2004 ut
700 1946 750 2003 illo
775 1945 890 2018 quidem
916 1951 998 2004 tanto
1022 1946 1108 2005 citius
1133 1946 1170 2004 ad

28 2047 157 2109 ellectum
179 2049 375 2122 perducatur,
406 2051 462 2108 ista
489 2067 558 2110 vero
585 2052 627 2108 ita
655 2055 815 2120 tractetur,
848 2051 888 2109 ita
909 2050 969 2108 olto
990 2051 1171 2124 sapientique

24 2157 142 2214 consilio
159 2153 237 2212 illius
258 2171 292 2212 ao
306 2154 481 2213 auctoritate
497 2154 672 2224 moderetur,
694 2171 730 2213 ne
747 2154 899 2227 quidinde
916 2155 953 2213 ad
968 2154 1172 2226 rempublicam

24 2267 50 2318 et
69 2261 109 2318 ad
129 2275 308 2318 communem
328 2260 567 2333 tranquillitatem
589 2259 815 2332 perturbandam
837 2259 1001 2320 redundare
1021 2259 1110 2332 possit
1123 2259 1173 2318 de·

25 2365 164 2422 trimonti.
196 2364 279 2436 Quod
300 2370 399 2435 restat,
420 2381 471 2422 oro
492 2362 638 2423 domiuum
654 2365 755 2436 Deum,
779 2381 835 2438 quo
856 2365 1061 2426 Illustrissimae
1083 2363 1172 2427 Celsi·

24 2469 116 2528 tudini
139 2469 253 2527 Vestrae
280 2469 444 2527 diuturnam
465 2470 692 2530 incolumitatem
714 2485 777 2528 esee
797 2470 868 2528 velit
888 2477 918 2528 et
938 2469 1064 2527 omnium
1084 2470 1172 2528 bona·

24 2591 81 2632 rum
115 2572 288 2632 felicitat-um
318 2573 486 2648 participem
515 2572 612 2632 iaciat.
663 2574 745 2632 Dntae
770 2574 862 2631 Vilnae
890 2573 949 2632 Illl
969 2573 1070 2632 Martii
1098 2591 1173 2631 anno

26 2677 139 2737 Domini
160 2677 284 2736 MDLX.

106 2781 313 2841 illustrissimae
335 2779 521 2838 celsitudinis
544 2780 654 2838 Vestrae
674 2781 797 2838 servitor
817 2779 1085 2838 observantissimus

807 2883 944 2943 Nicolaus
964 2881 1095 2941 Radrivil

865 3005 950 3048 mailli
976 3006 1037 3048 suo.

565 3275 602 3330 93
614 3289 640 3329 a.

227 3394 355 3481 Herzog
378 3393 553 3480 Christoph
577 3417 619 3460 an
643 3393 803 3459 Nikolans
827 3391 983 3460 Radzivil.

405 3525 551 3600 Stuttgart
571 3527 609 3585 20
629 3525 698 3584 Jrrni
722 3527 805 3583 1560.

97 3647 230 3702 nnewort
247 3646 300 3701 auf
315 3664 342 3702 n.
362 3648 404 3703 93.

97 3741 326 3812 Abgesehrieben
343 3759 394 3798 aus
411 3743 509 3808 Moser,
532 3759 616 3798 neues
633 3741 832 3814 patriotisches
851 3741 947 3796 archiv
968 3739 1004 3806 ΙΙ,
1024 3741 1065 3794 54,

96 3836 149 3893 Die
166 3837 277 3893 minute
295 3839 346 3894 auf
362 3839 427 3896 dem
445 3839 473 3894 k.
492 3839 589 3896 archiv
607 3839 637 3894 in
657 3839 812 3908 stuttgart.

106 3936 233 4005 illustris
253 3940 388 4012 princeps
409 3944 440 3996 et
460 3941 551 3998 amice
573 3939 655 3998 trobis
676 3939 799 3998 dilecte!

106 4040 172 4100 Etsi
192 4049 279 4101 antea
298 4060 492 4116 sepenumero
514 4043 708 4103 audiverimus
730 4050 760 4101 et
781 4059 817 4101 ex
830 4041 928 4100 multis
944 4039 1058 4097 indiciis
1073 4053 1178 4111 eogno-

24 4143 164 4218 verimus‚
186 4165 242 4221 qno
263 4149 359 4206 auimo
380 4155 543 4222 quantaque
563 4148 674 4222 pietate
689 4147 796 4206 Vestra
811 4147 935 4204 Dilectio
956 4159 1053 4202 veram
1074 4149 1105 4200 et
1124 4144 1181 4200 siu·

22 4261 125 4306 ceram
145 4251 305 4314 doctrinam
325 4255 474 4327 religionis
485 4255 683 4328 amplectatur,
704 4261 802 4312 tamen
816 4267 891 4310 nunc
905 4249 1009 4308 clarior·
1022 4246 1181 4304 exVestrae
1265 4271 1271 4281 ι

599 4374 615 4410 'l‘

107 4465 118 4516 1
137 4465 165 4520 S.
183 4468 223 4521 br.
241 4485 269 4522 n.
288 4467 331 4524 87.

913 4555 971 4612 15*
