2862 5080
84 377 141 430 ¹5⁰⁴
609 389 671 450 435

141 550 225 605 Biitet
242 550 390 622 driageud‚
409 553 468 606 ihm
487 551 533 608 die
551 553 621 608 reise
634 571 667 608 au
679 554 770 610 seiuer
782 553 879 610 niehie
891 571 925 610 ru
938 555 1090 626 gestamen,
1110 551 1211 610 ebenro

79 663 120 698 uro
135 643 211 699 einen
227 644 412 714 geleitsbriei.

148 761 336 820 illustrissime
358 762 497 835 Princeps
517 771 548 822 et
568 765 691 822 Domine
712 765 834 822 Domine
856 765 1100 824 Olemerrtissime!

146 863 196 921 Vix
215 867 342 936 memini,
364 882 409 924 me
430 867 466 924 ed
482 868 660 926 elementiam
673 867 860 927 celsitudinis
873 869 986 927 Vestrae
1006 870 1154 941 scripsisse
1174 870 1210 930 de

77 971 180 1042 negotio
194 969 210 1036 ¹,
234 971 311 1044 quod
331 972 400 1030 milri
422 989 503 1045 aeque
524 973 604 1032 cordi
627 975 665 1032 sit
684 979 771 1047 atque
793 974 855 1047 hoc,
877 975 914 1034 de
935 991 991 1048 qno
1013 991 1088 1032 nune
1107 973 1210 1034 scribo.

77 1074 160 1145 Quare
179 1075 308 1147 supplico
328 1091 381 1148 per
401 1077 500 1136 Jesum
523 1075 681 1144 Christum,
714 1080 784 1136 milri
806 1096 841 1137 ne
869 1083 964 1153 neget.
1005 1078 1059 1138 Est
1086 1079 1154 1136 mihi
1180 1078 1209 1137 iu

75 1176 240 1247 mesapatria
262 1176 372 1250 neptis,
395 1178 533 1238 Lndovici
555 1185 585 1238 et
606 1180 717 1238 Aurelii
740 1197 836 1252 soror,
868 1183 904 1240 de
926 1199 983 1255 qna
1002 1185 1070 1252 scio,
1092 1199 1137 1240 me
1158 1184 1210 1240 ali·
1249 1171 1251 1175 ’

74 1280 176 1350 quando
195 1281 326 1338 locutum
345 1279 433 1338 luisse
455 1287 505 1338 aut
525 1280 689 1353 scripsisse;
720 1299 755 1341 ea
778 1284 840 1356 jem
866 1284 964 1356 attigit
983 1301 1089 1342 anunm
1108 1285 1210 1343 vicesi-

72 1400 139 1442 mum
159 1386 290 1458 primum,
313 1387 458 1458 orphana,
477 1385 594 1458 jamque
615 1386 716 1458 incipit
737 1387 878 1446 excedere
900 1394 1028 1462 tempus,
1056 1405 1113 1461 quo
1134 1397 1211 1448 esset

72 1488 161 1560 nuptui
181 1487 341 1558 tradenda,
374 1489 534 1561 vellemque
557 1505 610 1560 ego
630 1489 661 1548 id
681 1497 829 1562 praestare,
852 1491 876 1548 s'i
897 1507 1025 1563 possem,
1055 1498 1210 1565 antequem

70 1605 201 1662 monerem
234 1599 313 1651 esset
334 1593 410 1650 enim
431 1599 613 1663 persanctum
635 1609 721 1667 opus;
755 1595 897 1654 ursinioem
919 1597 995 1654 onim
1024 1595 1129 1668 hebet,
1162 1599 1211 1670 qui

68 1691 183 1765 iaceret,
216 1695 241 1751 si
264 1711 318 1766 ego
341 1711 396 1768 ιιοιι
418 1693 501 1754 iecio.
544 1695 660 1753 Summe
681 1703 740 1768 est,
773 1713 817 1756 me
839 1715 945 1772 cupere
967 1699 1138 1773 Tergestum
1158 1702 1211 1774 ire,

69 1795 111 1853 nbi
130 1813 188 1856 rem
210 1798 392 1872 conficerem,
415 1818 471 1858 non
493 1803 568 1860 enim
590 1819 703 1873 possum
725 1803 819 1861 aliter⁴
861 1804 1031 1877 Tergestum
1053 1812 1098 1865 est
1117 1807 1147 1864 in
1169 1807 1211 1865 di·
1248 1794 1251 1800 ’

68 1901 136 1960 tione
156 1905 336 1962 serenissimi
357 1905 609 1966 (iarolidustriaci
624 1905 642 1978 ¹,
665 1924 720 1965 non
742 1909 826 1980 longe
848 1925 866 1966 a
886 1909 1010 1982 Lebaco,
1033 1909 1121 1968 distet
1142 1928 1211 1969 varo

67 2021 157 2064 emes
177 2009 276 2080 patria
296 2008 408 2067 duobus
430 2009 599 2068 milliaribus
628 2015 748 2068 tentum.
789 2011 853 2070 Huc
881 2011 904 2068 si
932 2027 1045 2082 possem
1071 2028 1118 2070 me
1144 1993 1212 2070 eon2

65 2105 143 2180 ferre,
165 2127 324 2182 sperarem,
345 2127 391 2170 me
411 2127 495 2183 posse
516 2127 577 2171 rem
596 2111 747 2184 conficere,
769 2117 799 2171 et
819 2115 956 2172 nonnulla
977 2115 1129 2174 accederet
1148 2116 1212 2174 laus

66 2215 216 2287 euangelio,
241 2214 319 2288 qnod
340 2214 424 2272 multi
445 2215 717 2287 intelliger·errt„rne
745 2215 815 2274 Xlll
837 2217 948 2276 dierum
978 2220 1035 2277 iter
1065 2235 1211 2276 emensum

64 2332 129 2386 esse,
149 2325 182 2377 ut
203 2335 269 2377 rem
291 2319 469 2378 subsolverem
492 2320 555 2377 Deo
576 2322 775 2410 gratissimam.
819 2321 922 2380 Vestra
937 2321 1133 2382 Illustrissima
1146 2323 1211 2382 Oel-

65 2422 152 2480 sitndo
173 2428 274 2496 potest
294 2423 363 2481 milri
385 2441 442 2481 uno
464 2423 553 2481 verbo
579 2440 639 2481 rem
667 2424 828 2484 absolutam
854 2427 995 2498 reddere,
1027 2427 1051 2484 si
1077 2427 1211 2486 videlieet

63 2526 229 2596 dignaretur
250 2527 289 2586 ad
310 2529 525 2588 serenissimum
547 2529 682 2588 Carolum
701 2529 846 2600 scribere,
877 2538 910 2589 ut
939 2531 1008 2589 mihi
1038 2532 1212 2590 concederet

63 2630 163 2690 salvum
185 2633 378 2705 conductum,
402 2651 458 2706 quo
480 2635 585 2706 possim
606 2635 635 2692 iu
655 2651 780 2705 persona
801 2635 940 2693 accedere
961 2637 1063 2693 saltem
1085 2651 1138 2707 per
1157 2637 1210 2694 sli-

62 2742 126 2806 quot
145 2739 335 2810 septimanas.
380 2737 451 2794 Nem
471 2736 624 2810 polliceor,
652 2753 697 2794 me
718 2753 855 2796 summam
876 2737 1046 2795 modestiam
1074 2743 1104 2795 et
1121 2737 1209 2796 silen-

62 2840 125 2898 tium
156 2843 194 2901 de
235 2843 354 2914 negotio
391 2842 540 2912 religionis
577 2846 764 2899 servaturum.
811 2841 865 2899 Eia
896 2841 985 2914 igitur
1015 2841 1210 2900 illustrissime

61 2944 202 3020 Princeps,
226 2965 264 3006 ne
286 2952 372 3018 neget
393 2945 462 3004 mihi
484 2945 631 3004 Serenitas
651 2945 756 3006 vestre
777 2963 847 3018 rem,
868 2963 954 3020 quam
975 2946 1107 3005 desidero
1129 2953 1209 3006 tento

59 3051 139 3108 enimi
160 3050 282 3122 affectu,
304 3057 412 3122 quanto
433 3048 540 3108 nullam
562 3050 630 3116 scio,
653 3066 697 3106 me
720 3049 857 3108 hactenus
879 3057 1006 3122 optasse,
1029 3051 1132 3124 adjuro
1153 3051 1207 3109 ite·

59 3170 117 3212 rum
142 3171 197 3228 per
217 3155 322 3214 desum
351 3154 514 3226 Christum,
545 3170 590 3211 me
619 3154 714 3212 ornnia
741 3171 850 3212 sumnia
878 3156 992 3214 cautela
1019 3163 1210 3227 peracturum.

59 3257 148 3329 Quare
171 3277 256 3334 roge,
280 3276 315 3317 ne
336 3276 429 3318 meam
444 3257 612 3331 petitionem
629 3258 764 3330 deneget,
786 3277 879 3330 spero,
893 3277 1023 3332 magnam
1038 3261 1131 3320 italie
1145 3277 1212 3334 per-

58 3367 111 3422 tem
138 3365 329 3425 laudaturam
349 3365 483 3423 Vestram
505 3363 713 3422 Celsitudinem
744 3363 781 3420 ob
807 3364 861 3421 lton
887 3371 945 3422 tam
974 3370 1102 3424 sanctum
1131 3381 1212 3436 opus.

56 3469 199 3542 Exspecto
222 3470 354 3538 litteras,
383 3485 453 3540 quas
482 3475 596 3540 egornet
624 3467 727 3526 vellem
755 3467 831 3526 ferre
854 3485 945 3542 usque
966 3485 1056 3541 prope
1078 3470 1213 3541 oppidum

57 3570 163 3644 (irrata,
188 3574 272 3647 qnod
294 3591 350 3630 non
372 3572 457 3643 longe
478 3571 561 3630 abest
582 3589 599 3630 e
620 3572 775 3643 Tergeste,
804 3573 929 3646 indeque
952 3573 1097 3634 mitterem
1118 3581 1213 3634 certes

55 3694 203 3750 personas,
227 3693 295 3750 qum
316 3677 511 3734 illustrissimo
532 3677 678 3736 a1¹clriduci
698 3676 910 3749 consignarent,
932 3693 1026 3750 quem,
1049 3683 1081 3736 ut
1101 3679 1213 3751 opinor,

55 3799 112 3842 rem
129 3791 191 3844 tam
204 3786 315 3858 justam
329 3783 359 3840 in
373 3782 495 3854 gratiam
509 3781 669 3854 presertim
684 3781 886 3840 illustrissime
902 3782 1089 3842 celsitudinis
1102 3783 1215 3842 Vestro

54 3898 260 3950 recusaturum
282 3889 328 3946 vix
350 3887 494 3946 existimo.

130 3994 212 4068 Quid
235 3994 262 4050 si
282 3991 395 4052 interea
416 4008 530 4064 quoque
544 3991 650 4050 scribat
662 3993 690 4048 in
705 3993 827 4050 eandem
840 3991 1014 4050 sententiam
1030 3990 1213 4050 serenissimo

629 4115 644 4148 tlt

120 4163 137 4302 ὲ
159 4160 324 4316 ἓικῗιθιὶιῖἷ
342 4157 440 4307 {uili}
456 4246 559 4300 bruder
584 4262 638 4298 von
657 4245 850 4307 Maximilian,
879 4243 943 4313 geb.
971 4239 1062 4294 eluti
1086 4239 1169 4303 1540,
1198 4242 1214 4304 †

56 4336 204 4406 lAugust
226 4333 315 4395 1590,
345 4333 417 4386 nach
437 4333 525 4388 seinse
546 4335 637 4387 vetere
655 4333 705 4386 tod
731 4333 830 4402 regent
854 4347 906 4384 von
928 4326 1090 4388 Kdrnthen‚
1119 4323 1213 4386 Krein,

54 4421 243 4486 Steiermark,
266 4419 344 4474 (idm.

945 4513 979 4566 28
990 4513 1004 4545 'i
