2830 5078
780 375 843 434 210
1314 373 1362 426 1559

316 539 512 598 illustrissime
533 541 672 614 Princeps
693 548 723 602 et
745 543 867 600 Domine
888 543 1011 602 Domine
1029 543 1279 604 clementissime!

317 643 424 717 Scripsi
451 645 513 702 heri
539 643 578 702 ad
598 645 731 704 Vestram
752 645 961 705 celsitudinem
987 648 1216 707 Illustrissimam
1247 655 1277 707 et
1301 665 1366 720 cogor

239 764 315 806 nunc
334 747 439 807 iterum
461 748 499 806 ob
518 755 612 808 certas
634 766 750 820 causes3
778 751 846 810 boni
867 752 1014 823 consulat,
1043 752 1067 810 si
1088 752 1210 812 videbor
1230 752 1367 812 obtundere

240 859 270 910 et
290 853 373 910 nimis
394 854 532 912 molestus
553 869 616 912 esse
637 856 708 913 meis
730 855 845 914 litteris.
975 849 977 854 ’

318 955 364 1014 Ex
384 957 546 1028 Argentina
567 956 705 1015 scribitur
725 959 809 1031 milri,
842 959 967 1017 habitam
990 974 1053 1016 essa
1075 959 1111 1015 de
1132 958 1276 1032 religione
1295 961 1368 1031 dispu-

239 1062 380 1118 tationem
400 1062 429 1117 in
450 1061 574 1133 singlis,
609 1068 638 1118 et
659 1063 804 1120 coniectos
824 1061 913 1120 fuisse
934 1063 963 1119 in
984 1078 1129 1120 carcerem
1151 1063 1223 1121 duos
1243 1065 1368 1137 episcopos

238 1164 315 1222 inter
344 1165 435 1232 alios,
465 1166 513 1234 qui
541 1165 629 1236 paulo
658 1167 829 1224 insolentius
858 1167 946 1224 locuti
974 1172 1041 1223 sunt
1067 1172 1168 1224 contra
1196 1167 1369 1241 delegatosa

239 1269 349 1340 regina.

318 1373 467 1430 Praeterea
479 1374 592 1445 jactant
606 1389 637 1431 se
648 1373 784 1444 Helvetii,
807 1374 883 1447 quod
896 1373 971 1431 idem
993 1381 1086 1434 status
1108 1377 1256 1448 religionis
1278 1375 1369 1434 futurus

239 1478 277 1536 sit
305 1478 334 1534 in
356 1479 479 1550 Anglia,
511 1478 559 1550 qui
587 1475 641 1534 luit
668 1477 720 1536 sub
745 1477 892 1536 Eduardo.
934 1479 1044 1536 Vellem
1077 1483 1228 1553 trajecisse
1258 1482 1289 1538 in
1315 1479 1368 1536 illud

239 1597 369 1653 regnum,
391 1581 442 1638 sed
463 1580 513 1638 fiat
533 1582 665 1639 voluntas
685 1581 808 1640 Domini.
839 1581 891 1640 lbo
912 1588 1009 1640 tamen
1031 1583 1188 1655 aliquando
1209 1583 1249 1658 (si
1269 1585 1309 1642 illi
1326 1585 1369 1655 pla·

242 1686 357 1757 cuerit).

319 1790 466 1848 Habemus
487 1807 590 1847 novum
616 1779 758 1847 rectorem
787 1789 893 1848 scholae
920 1791 1104 1862 papisticum,
1132 1792 1244 1851 scilicet
1268 1793 1294 1850 d.
1313 1791 1369 1849 Gab-

243 1895 365 1953 herdum
378 1895 396 1965 ¹,
419 1875 502 1967 quein
524 1895 609 1952 hodie
629 1893 719 1966 probe
742 1895 846 1963 nsonui,
868 1895 984 1952 auditus
1003 1893 1045 1953 fui
1065 1897 1220 1969 patienter.
1260 1897 1371 1954 Mortuus

244 2005 287 2057 est
308 1999 393 2056 hodie
414 1996 560 2072 professor
581 1999 686 2071 linguae
707 1998 816 2084 Graecae
837 1999 971 2071 Illyricos
992 1999 1178 2070 Garbitius'‚
1209 1999 1322 2060 interlui
1338 1997 1370 2055 fu-

242 2103 315 2162 neri.
355 2103 419 2161 Nisi
441 2104 677 2160 clementissimus
703 2111 787 2176 pater·
808 2109 907 2161 noster
928 2103 1007 2162 Deus
1026 2105 1161 2162 misertus
1189 2103 1279 2163 luerit
1297 2107 1323 2162 in
1340 2104 1371 2160 ul-

246 2208 317 2266 tima
337 2207 410 2265 bore
430 2208 502 2279 ejus,
523 2224 586 2265 cum
608 2207 720 2278 papista
742 2206 838 2274 luerit,
859 2215 956 2266 metuo
978 2207 1014 2266 de
1036 2209 1098 2280 ejus
1119 2210 1223 2267 salute.

319 2311 478 2382 Postremo,
500 2311 554 2367 nisi
575 2311 772 2370 Illustrissima
791 2311 940 2370 celsitudo
958 2312 1063 2369 Vestra
1083 2312 1290 2386 interposuerit
1309 2327 1370 2368 suan
1407 2373 1408 2376 Ἴ

241 2415 438 2485 autoritatem,
460 2416 517 2472 mei
539 2415 646 2487 dialogi
665 2421 766 2472 contra
780 2415 906 2487 ostani,
927 2416 1192 2488 pestilentissimum
1212 2417 1370 2488 scriptorem,

242 2521 290 2578 vix
312 2518 499 2578 absolventur
519 2519 573 2576 hoc
593 2535 678 2590 anno,
709 2536 762 2577 nec
783 2517 841 2588 fiet,
864 2519 940 2592 quod
960 2519 1024 2576 beri
1044 2511 1164 2592 scripsi,
1196 2537 1242 2578 me
1263 2535 1371 2594 sperare,

241 2626 325 2684 utin
346 2624 467 2682 comitiis
487 2624 592 2696 possim
621 2639 773 2695 spargere3
806 2624 892 2681 alium
921 2625 997 2681 enim
1024 2624 1128 2682 librum
1156 2624 1226 2682 dicit
1247 2623 1369 2694 Georgius

242 2730 435 2802 typographus
455 2743 486 2785 se
507 2727 614 2784 habere
636 2727 693 2784 XX
713 2727 863 2799 foliorum,
896 2747 980 2802 quern
1001 2729 1072 2786 velit
1098 2729 1299 2800 interponere,
1328 2727 1370 2783 hoc

242 2839 294 2906 est,
319 2833 367 2892 vir
386 2837 452 2907 post
471 2847 598 2889 mensem
618 2831 758 2904 procedet
777 2832 806 2889 in
828 2833 899 2889 meis
920 2831 991 2906 (scio
1013 2834 1097 2899 enirn,
1118 2849 1201 2904 quarn
1224 2832 1298 2892 lente
1316 2847 1369 2904 pro·

241 2937 338 3013 cedat)
360 2943 390 2996 et
410 2937 450 2995 sio
471 2938 605 3010 vix-post
625 2939 833 3012 quinquaginta
853 2938 915 2997 dies
935 2938 1073 2996 absolvet.
1105 2938 1168 3011 Ego
1188 2954 1234 2996 me
1253 2953 1370 3005 exonero,

241 3045 265 3101 si
286 3059 381 3116 neque
402 3043 432 3100 in
453 3043 607 3113 praeteritis
633 3043 768 3100 nundinis
795 3042 901 3114 dialogi
928 3043 1075 3114 exierunt,
1103 3058 1196 3116 neque
1217 3044 1246 3101 in
1266 3039 1370 3100 comitiis

242 3148 370 3219 exibunt,
391 3163 444 3220 per
464 3163 509 3204 me
530 3163 586 3205 non
608 3147 697 3203 stetit.

320 3251 495 3310 Commendo
516 3268 561 3308 me
576 3257 747 3309 reverenter
757 3251 870 3308 Vestrae
885 3249 1089 3309 illustrissimae
1101 3250 1280 3320 Celsitudini
1299 3263 1370 3321 quam

241 3372 301 3428 oro,
322 3362 356 3415 ut
374 3356 463 3415 Pater
493 3355 619 3414 coelestis
645 3355 746 3426 spiritu
777 3369 828 3413 suo
860 3355 973 3428 repleat
1000 3370 1052 3426 per
1072 3354 1218 3414 Christum
1245 3353 1370 3413 dominum

240 3467 379 3518 nostrum.

808 3555 822 3587 =l=

311 3633 323 3686 l
345 3629 478 3684 Gebhard
490 3630 671 3700 Brastberger
689 3647 744 3685 von
759 3630 859 3694 Urach,
879 3629 1019 3700 professor·
1035 3629 1114 3700 juris,
1134 3627 1367 3701 resigmirte1560;
1408 3643 1409 3646 ’

148 3776 150 3780 ,
239 3735 306 3772 man
324 3718 405 3771 hatte
424 3716 482 3769 ihm
501 3717 710 3786 vorgeworfen,
739 3718 801 3788 dass
827 3733 856 3770 er
880 3717 910 3770 in
937 3717 990 3771 den
1017 3716 1107 3771 seiten
1127 3717 1176 3771 des
1195 3715 1311 3772 interime
1329 3711 1367 3763 die

240 3819 328 3858 messe
347 3802 463 3857 besucht
481 3803 564 3858 habe.

310 3891 326 3944 2
344 3890 481 3945 Matthias
495 3891 638 3946 Garbitius
652 3909 707 3946 von
720 3893 847 3962 Illyrian‚
867 3911 917 3947 aus
936 3893 1077 3947 niederem
1097 3893 1206 3956 stende,
1224 3877 1367 3946 benefrithe

239 3977 312 4033 nach
331 3977 530 4042 Deuteohland,
550 3979 646 4034 wurde
665 3979 784 4036 Lutbers
805 3981 994 4052 tisohgenosse
1013 3980 1042 4034 in
1055 3979 1239 4049 Wittenberg
1256 3974 1304 4030 und
1320 3987 1366 4025 rou

239 4064 440 4135 Melancbthon
458 4065 515 4119 und
536 4066 710 4120 Camerarius
729 4067 905 4138 empfohlen‚
934 4065 1029 4120 wurde
1047 4083 1077 4121 er
1097 4068 1163 4122 153:
1184 4065 1307 4136 professor
1324 4057 1366 4110 der

239 4149 431 4224 griechischen
456 4152 573 4221 sprecbe
598 4155 627 4206 in
653 4153 815 4224 Tbbingen;
844 4155 893 4208 der
918 4153 1102 4210 bescheidene
1127 4172 1212 4209 mann
1237 4148 1317 4204 wurde
1338 4142 1364 4194 in

238 4237 382 4307 religibser
398 4238 524 4292 hinsichi
542 4240 712 4296 manchfach
732 4242 885 4305 varanna
919 4240 987 4294 1559
1013 4239 1073 4294 traf
1094 4239 1142 4292 ihn
1161 4240 1209 4294 der
1226 4235 1310 4301 schlag
1326 4227 1363 4282 bei

237 4324 287 4379 der
305 4324 457 4396 erklarung
475 4342 529 4380 von
548 4325 610 4379 Joh.
634 4329 673 4391 lt,
696 4329 718 4380 l.

307 4411 369 4466 38.
390 4430 417 4467 n.
436 4412 479 4465 to.
