2910 5080
85 371 145 428 lasa
622 377 662 438 59

80 543 140 608 tus¹
157 547 184 604 ln
216 563 278 607 mea
308 547 459 616 familiola,
487 553 516 606 et
549 563 647 606 charles
674 547 709 626 in,
735 545 875 618 euangelii
903 545 1109 620 propagatione
1134 541 1213 605 labo-

77 667 192 721 raremus
210 652 257 712 die
279 657 432 726 noctuque.
477 655 516 712 At
536 654 560 710 si
581 651 618 712 ob
639 654 766 726 aliquam
786 667 900 710 oausam
916 651 1087 710 celsitudini
1101 645 1212 712 Vestrae

77 772 123 816 uon
142 754 301 830 rideretur,
329 771 375 819 me
403 773 478 816 nunc
499 759 529 816 ln
550 757 600 816 illa
621 757 685 816 luco
712 757 867 816 academiae
887 755 1080 830 Tabingsnsls
1105 755 1212 816 dobere

77 860 237 934 comparare}
259 878 317 922 non
338 877 441 922 recuso
463 863 558 920 vivero
579 864 608 920 io
630 862 727 936 aliquo
749 877 862 924 secessu
884 867 915 920 et
935 862 997 920 vico
1018 861 1160 932 solitario,
1182 865 1213 920 ei

78 965 177 1025 latitare
203 965 242 1042 (si
270 969 313 1027 ita
340 967 455 1030 videtur·
482 967 665 1043 consultum).
708 967 779 1026 Dum
807 967 914 1040 possim
944 966 1048 1026 cedere
1075 966 1213 1040 pressanti

80 1069 154 1128 iurari
174 1075 203 1129 et
223 1071 339 1130 insidiis
360 1087 508 1146 paparum,
530 1077 560 1130 ot
581 1071 647 1129 dum
669 1069 804 1144 habeam,
830 1071 906 1132 undo
927 1085 972 1130 ms
994 1076 1024 1132 ot
1044 1069 1212 1131 familiolam

76 1172 197 1246 (tenuiter
217 1174 334 1248 quidem
356 1180 386 1234 et
408 1174 586 1250 evangelice)
617 1177 722 1248 possim
748 1174 828 1234 aleus
858 1181 888 1234 et
914 1173 1047 1234 laborare
1067 1175 1097 1234 in
1125 1189 1212 1235 eran·

74 1277 155 1350 gello,
183 1280 300 1353 reliqua
325 1281 422 1338 omnia
442 1285 605 1352 contemno,
634 1280 745 1338 etiamsi
767 1281 796 1338 iu
819 1279 913 1340 madia
934 1277 1032 1354 aliqua
1051 1279 1124 1338 silva
1144 1279 1212 1340 mihi

73 1387 138 1439 osset
156 1382 319 1442 vivendum.
351 1383 423 1442 Peto
437 1401 513 1442 nunc
531 1383 685 1456 hospitium
706 1399 739 1442 ac
761 1383 849 1442 veluti
871 1391 995 1456 partum,
1017 1383 1047 1442 in
1068 1401 1153 1458 quem
1175 1399 1210 1442 ex

73 1485 117 1544 bau
134 1491 306 1559 tempestato
328 1492 358 1546 at
378 1485 507 1561 periculo
528 1503 638 1546 summo
658 1500 820 1554 recurram.
852 1493 882 1544 et
908 1487 1011 1546 saitem
1040 1487 1078 1546 ad
1099 1493 1212 1562 tempus

75 1589 112 1662 (ut
129 1590 199 1667 uixi)
221 1597 250 1651 et
271 1591 352 1650 illius
375 1592 488 1652 nomine
509 1599 597 1668 pato,¹
610 1593 658 1666 qui
680 1591 772 1653 duxit:
815 1594 869 1665 Qui
891 1607 940 1652 vos
965 1593 1078 1664 recipit,
1099 1609 1144 1652 me
1166 1607 1211 1652 rc·

75 1695 146 1766 uiplt,
176 1696 272 1756 idest
294 1695 465 1756 Iesuchristi
487 1698 513 1756 d.
536 1699 626 1756 nostri
648 1699 771 1756 nomine.
815 1697 919 1756 Vestra
937 1695 1086 1756 Gelaitoelo
1112 1697 1212 1770 digne·

74 1803 112 1856 tur
133 1816 181 1871 pro
202 1817 255 1859 sua
275 1801 432 1862 clamantia
451 1801 636 1873 respondero,
658 1801 794 1875 quioquid
815 1801 953 1860 Dominus
973 1801 1015 1860 illi
1035 1817 1088 1860 suc
1108 1801 1212 1876 spiritu

74 1903 252 1976 suggesserit,
288 1906 317 1962 in
340 1907 421 1978 cujus
448 1921 533 1964 mann
564 1923 663 1964 ornnes
693 1923 739 1965 res
771 1911 857 1980 atque
879 1921 991 1966 omnam
1012 1921 1103 1965 meam
1124 1905 1212 1965 vitam

74 2008 210 2080 collocavi3
233 2011 298 2068 slve
318 2009 480 2080 viventium,
501 2011 561 2069 sive
583 2011 761 2071 moriundum
783 2012 829 2082 sih
852 2011 967 2069 Domini
988 2027 1095 2068 sumus.
1128 2009 1210 2068 Com·

74 2113 228 2172 nendome
250 2113 401 2176 humililer
421 2113 533 2174 Vestras
555 2114 725 2174 Galsltndini
747 2121 777 2175 et
804 2117 914 2188 pistari.
955 2115 1035 2174 Dens
1059 2128 1122 2174 cam
1145 2131 1210 2174 nunu

72 2220 124 2276 tota
141 2215 248 2276 familia
269 2221 303 2276 ct
330 2217 455 2276 dominio
480 2226 576 2278 servet
605 2235 623 2278 a
649 2221 722 2281 malo
750 2235 804 2294 par
823 2219 922 2280 Jesom
944 2219 1089 2280 ilhriatum
1120 2218 1211 2278 domi-

74 2339 129 2380 unm
149 2329 296 2386 nastrum«.

138 2426 272 2486 Clavenae
295 2427 379 2484 XVII
401 2427 580 2500 Septembris
605 2430 688 2486 1553.

244 2550 246 2554 ·
966 2535 1130 2611 Vergerius.

136 2661 181 2739 (P.
192 2662 236 2742 S.)
258 2663 410 2724 Hactenus
430 2663 530 2735 scripsi
545 2662 688 2734 clavena,
710 2663 937 2735 posteanrlam
946 2660 1112 2724 Rhosiorum
1134 2663 1208 2737 veui,

73 2775 98 2822 ut
114 2785 155 2826 me
175 2768 294 2844 longius
315 2767 514 2828 subtraherem
536 2769 572 2827 ab
594 2787 629 2827 aa
653 2769 740 2836 urbe,
768 2769 797 2834 in
819 2787 875 2843 qua
902 2769 952 2828 ille
980 2769 1093 2842 legatus
1120 2769 1210 2826 bostis

71 2885 138 2930 meus
157 2873 280 2934 habital.
314 2871 489 2932 Incredibile
507 2870 585 2930 dictu
602 2881 656 2940 est,
678 2871 817 2944 quarrtnm'
830 2873 898 2930 mihi
919 2875 956 2931 sit
976 2869 1114 2942 intensus,
1135 2886 1209 2944 prae-

71 2979 154 3034 sertim
176 2997 263 3052 quum
286 2977 393 3036 uidorIt
414 2994 459 3036 rna
481 2981 632 3050 sytrtagma
658 2983 688 3036 at
709 2976 916 3037 confessionam
936 2975 1004 3034 fidei
1025 2975 1137 3034 Vestrae
1157 2991 1210 3047 per

71 3085 146 3140 iotam
165 3083 281 3142 Italiam
305 3083 453 3155 sparsisse,
476 3083 567 3156 gloria
590 3083 662 3142 ileo.
695 3081 751 3142 llius
771 3099 825 3155 ago
847 3081 977 3156 quaedam
998 3081 1123 3154 nogotia,
1145 3097 1208 3155 quac

70 3179 98 3240 ad
117 3187 254 3260 evangelii
277 3187 520 3260 propagationem
541 3188 695 3259 pertinent,
718 3183 882 3258 confictam,
903 3167 1017 3244 interca
1033 3183 1139 3244 redibit
1159 3203 1209 3244 ne·

70 3304 113 3357 pos
131 3307 209 3350 meus
231 3309 300 3350 cum
325 3305 465 3362 responso
487 3286 599 3348 Vestrae
622 3289 807 3350 Celsitudiuis
828 3289 873 3364 (ut
893 3290 999 3365 spero).

142 3395 235 3455 Guriae
257 3395 429 3454 Rbaetcrum
449 3395 577 3453 XXVIII
599 3394 678 3468 Sept.

608 3744 658 3802 5a.

566 3865 707 3952 Beilaga.

130 3999 291 4072 PipshIiohe
308 4002 464 4058 vollmaoht
482 4003 526 4058 fiir
543 4003 613 4058 Paul
633 3991 791 4060 Odesoalco.

137 4099 328 4159 AuctoritasI
349 4099 507 4172 apostolica
526 4098 594 4160 'noui
615 4103 708 4162 nuntii
729 4119 788 4160 snae
810 4105 969 4164 sauci-itatis
990 4110 1060 4178 aput
1080 4105 1208 4164 Rhaetoa

626 4235 640 4267 ’i‘

134 4335 145 4388 l
165 4334 190 4390 S.
209 4335 287 4392 seiae
306 4335 548 4392 familienuotirua
568 4338 609 4391 br.
630 4339 696 4393 9Ia.
715 4339 773 4392 und
791 4339 864 4394 oben
883 4357 902 4392 s.
924 4339 963 4391 li.

132 4421 146 4473 2
165 4421 425 4496 Der-franchoisohc
444 4423 580 4498 gestandis
599 4423 633 4478 de
651 4423 833 4496 I'Aubespino
859 4425 941 4482 hatte
964 4425 1039 4480 disse
1057 4423 1207 4478 merkwilr·
