2862 5080
1321 338 1374 392 ital

244 510 307 570 fero
328 509 449 583 Alpibus
470 515 500 568 et
520 507 695 570 difficillimis
723 510 889 583 itineribus,
916 509 1019 584 quibus
1049 513 1126 570 evasi
1147 512 1235 585 Papae
1259 511 1374 582 insidias

240 632 329 690 quare
349 615 452 674 differo
472 615 626 674 adventum
647 632 751 684 meum,
773 616 840 674 dum
854 615 1019 675 subsederit
1036 617 1146 687 minor3
1168 619 1284 675 interea
1302 633 1373 674 uuum

239 719 458 792 significandum
478 720 598 794 putavi,
629 719 706 793 quod
735 720 759 778 si
788 719 890 778 fuisset
910 720 1024 778 diutius.
1039 721 1251 794 inveteratum,
1284 721 1374 780 uullim

242 823 343 885 luisset
363 825 510 884 momenti.
557 824 677 898 Semper
697 825 765 897 dixi,
787 825 983 885 antichristum
1005 826 1034 882 iu
1055 843 1143 885 causa
1163 826 1310 899 religionis
1328 842 1374 883 me·

242 929 329 988 ditari
349 929 445 1000 bella,
477 935 507 987 et
537 929 667 1004 quotidie
694 931 784 1001 magis
810 928 996 987 confirmatus
1024 945 1085 988 sum
1113 932 1143 987 in
1164 931 1218 988 lrac
1238 932 1373 990 sententia.

239 1033 384 1107 lliguetur
404 1036 510 1094 Vestra
530 1035 729 1094 illustrissima
750 1033 900 1093 Celsitudo
920 1034 1034 1092 litteras
1054 1034 1173 1109 legere,
1205 1052 1275 1108 quas
1295 1035 1373 1093 Curia

240 1137 419 1197 Rhaetiarum
439 1136 615 1212 scribebam
645 1155 708 1197 uam
737 1139 877 1213 quispiam
903 1139 1025 1211 insignis
1045 1142 1158 1212 papista
1179 1157 1237 1199 nou
1258 1141 1374 1213 negabat,

241 1245 347 1317 Papam
370 1228 484 1304 omuino
504 1245 647 1320 cogitasse
665 1244 702 1304 de
714 1244 791 1303 ballo
805 1251 871 1317 post
884 1243 1047 1303 absolutum
1064 1245 1216 1304 concilium
1229 1243 1373 1304 inferendo.

241 1349 300 1408 Sed
320 1347 412 1423 quid?
440 1349 532 1408 bonus
552 1349 633 1422 Papa
654 1350 767 1430 cogitur
791 1355 904 1407 mutare
925 1349 1073 1408 consilium
1098 1365 1193 1424 neque
1225 1357 1374 1422 exspectare

241 1455 350 1512 exitum
371 1454 416 1512 sui
437 1451 616 1512 fraudulenti
637 1453 760 1512 concilii.
801 1453 897 1511 Audio
918 1454 994 1511 enim
1016 1471 1053 1512 ex
1079 1453 1219 1527 fratrum,
1250 1455 1297 1526 qui
1321 1461 1374 1512 suut

241 1559 390 1630 initalia,
419 1558 540 1632 litteris,
569 1575 633 1616 eum
658 1559 719 1632 jam
746 1574 776 1616 se
804 1557 967 1631 prodidisse
987 1559 1217 1632 imposuisseque
1239 1565 1297 1618 tum
1315 1565 1374 1616 tem·

241 1663 334 1736 porali
355 1668 416 1722 tum
436 1664 633 1722 ecclesiastico
655 1663 743 1722 statui
764 1662 904 1721 tributum
928 1662 1004 1738 (ipse
1019 1662 1373 1737 appellatsubveutiorem)

243 1773 368 1842 quatuor
387 1773 501 1828 centum
522 1769 691 1827 ducatorum
712 1766 813 1840 millia,
835 1783 906 1840 quos
927 1767 998 1826 velit
1018 1768 1116 1826 statim
1136 1769 1292 1828 corradere
1311 1772 1373 1844 (qua

242 1880 338 1930 tamen
361 1873 473 1933 exactio
495 1890 551 1932 uon
572 1871 623 1932 liet
644 1873 705 1931 siue
726 1873 854 1946 periculo
875 1872 1026 1932 seditionis
1051 1871 1189 1950 alicujus)
1218 1879 1248 1933 et
1273 1875 1303 1930 in
1321 1873 1373 1932 Gal·

242 1975 311 2035 liam
331 1976 448 2036 mittere
468 1976 532 2036 loco
553 1976 684 2048 militum,
706 1993 777 2051 qnos
798 1975 968 2049 collegeram
989 1975 1098 2036 habere
1118 1984 1217 2036 tamen
1238 1979 1268 2035 in
1288 1979 1373 2046 animo,

241 2087 282 2154 ut,
299 2087 452 2155 antequam
467 2086 575 2140 tautam
597 2081 749 2154 pecuniam
769 2082 875 2153 mittat,
896 2082 1005 2140 certior
1025 2081 1174 2154 reddatur,
1196 2081 1275 2155 quod
1295 2096 1374 2141 omues

242 2191 371 2244 nostram
398 2184 558 2244 doctrinam
583 2183 752 2257 profitentes
782 2203 818 2244 ex
848 2184 898 2242 illo
924 2200 1014 2259 reguo
1040 2183 1282 2258 profligabuntur.
1321 2185 1373 2256 Quis

243 2290 297 2350 hoo
317 2289 438 2349 audebit
457 2288 647 2362 promittere?
674 2287 805 2347 fortassis
825 2289 855 2346 iu
876 2289 964 2348 alium
985 2306 1068 2348 nsum
1088 2291 1149 2350 baec
1169 2291 1293 2362 pecunia
1311 2289 1372 2348 colli·

243 2373 330 2469 'gitur
352 2400 382 2452 et
403 2392 532 2453 fortassis
554 2399 653 2452 contra
679 2393 870 2452 Germaniam.
901 2393 964 2452 Hoc
984 2395 1083 2468 itaque
1103 2395 1175 2454 illud
1198 2395 1257 2454 erit
1276 2395 1372 2462 bellum,

243 2517 300 2573 quo
320 2504 399 2558 totus
419 2498 497 2557 orbis
518 2499 696 2569 involvetur,
718 2498 769 2555 sed
790 2513 892 2570 magna
913 2513 978 2556 cum
998 2498 1093 2570 gloria
1114 2499 1167 2558 Dei
1196 2505 1285 2574 atque
1304 2511 1372 2557 evan·

241 2604 311 2678 gelii
332 2601 439 2662 fructu.
470 2604 656 2676 stangnum
670 2600 743 2659 illud
763 2607 808 2660 est
828 2608 859 2661 et
878 2601 1074 2676 memorabile,
1096 2604 1174 2676 quod
1195 2605 1297 2663 eodem
1315 2609 1371 2660 tem·
1410 2665 1411 2670 γ

241 2725 311 2781 pore
331 2709 412 2782 Papa
431 2723 534 2780 magua
554 2705 750 2764 sollicitudine
772 2705 940 2766 muniendas
967 2712 1050 2765 curat
1075 2707 1237 2780 praecipuas
1264 2725 1318 2767 suae
1340 2707 1372 2764 di·

243 2813 331 2872 tiouis
359 2812 501 2872 civitates.
543 2810 638 2882 Quid?
669 2812 828 2881 metuitue,
859 2828 895 2870 ne
926 2827 958 2870 re
984 2812 1060 2871 male
1089 2828 1142 2885 pro
1173 2829 1205 2872 se
1235 2815 1266 2871 iu
1291 2809 1373 2872 Galliis

245 2923 327 2992 gesta
347 2916 399 2975 fiat
425 2915 575 2974 inundatio
601 2915 631 2973 iu
652 2915 764 2974 ltaliam
792 2932 829 2974 er
849 2913 1031 2974 Germania?
1064 2914 1184 2974 Utinam
1209 2919 1266 2975 mei
1290 2931 1373 2989 corpo
1409 2947 1410 2952 κ

246 3024 322 3081 rales
343 3021 417 3081 oculi
439 3021 546 3080 intueri
566 3021 596 3078 id
617 3021 741 3093 possint,
763 3027 795 3078 ut
815 3019 1043 3078 contunderetur
1062 3027 1148 3092 ceput
1169 3023 1321 3094 serpentis!
1339 3025 1372 3078 est

246 3127 360 3202 quidem
382 3125 443 3186 fere
464 3125 650 3201 impossibile,
673 3125 749 3200 quod
769 3125 837 3197 tale,
863 3125 947 3198 quale
968 3124 1071 3194 scribo,
1092 3125 1225 3184 rruutium
1245 3128 1280 3186 ad
1299 3123 1372 3184 Celsi·

243 3233 374 3292 tudinem
394 3233 528 3291 Vestram
549 3231 774 3290 illustrissimam
795 3248 851 3289 non
873 3231 1047 3303 pervenerit,
1069 3230 1120 3288 sed
1141 3231 1213 3289 levis
1233 3229 1323 3290 futura
1340 3233 1373 3286 est
1408 3245 1409 3262 ¹

242 3335 299 3395 mei
320 3336 428 3394 laboris
445 3338 569 3409 jactura,
590 3336 667 3410 quod
688 3351 744 3393 nou
765 3334 927 3408 scripserim
946 3334 977 3394 iu
997 3341 1137 3407 tempore.
1180 3336 1298 3410 Reliqua
1317 3350 1369 3408 que

243 3454 280 3496 ex
300 3439 413 3496 Rhaetia
434 3455 491 3496 non
511 3439 721 3497 contemnenda
745 3437 846 3507 attuli,
877 3454 974 3496 eoram
995 3439 1103 3513 dicam,
1134 3441 1159 3499 si
1179 3442 1315 3499 Dominus
1334 3453 1373 3496 ro·
1407 3465 1408 3472 1

244 3544 349 3614 inerit,
376 3543 453 3601 intra
473 3549 598 3617 quatuor
618 3549 669 3602 aut
689 3543 815 3618 quinque
837 3543 907 3600 dies.
949 3544 1046 3616 Atque
1066 3545 1176 3602 utinam
1196 3542 1373 3603 illustrissima

244 3648 393 3708 Celsitudo
414 3647 519 3706 Vestra
539 3648 677 3720 dignetur
697 3647 767 3706 milri
787 3647 969 3720 significare,
1001 3649 1092 3708 simne
1112 3650 1192 3707 illam
1213 3649 1371 3720 Stutgardia
1406 3721 1407 3736 χ

240 3761 309 3813 tuuc
328 3756 507 3812 inventurus.
549 3752 682 3812 Caelestis
702 3751 792 3811 Pater
811 3758 918 3827 augeat
938 3752 981 3812 illi
1002 3769 1069 3812 suos
1090 3753 1201 3812 divinos
1228 3753 1371 3814 thesauros,
1406 3741 1407 3810 l

242 3859 372 3928 spiritum
394 3864 425 3916 et
437 3855 523 3916 fidem
537 3873 589 3927 per
600 3856 745 3916 Christum
762 3857 907 3916 domiuum
929 3863 1067 3925 nostrum,
1089 3857 1135 3915 cui
1156 3873 1201 3914 me
1221 3863 1373 3915 reverenter

242 3962 421 4022 commendo.

320 4067 422 4127 Habeo
443 4066 520 4125 domi
541 4065 609 4125 bina
630 4081 779 4126 cervorum
806 4064 950 4140 aoruua',
982 4083 1046 4139 quaa
1073 4065 1142 4125 milri
1171 4066 1299 4125 videntur
1324 4064 1371 4121 ele-

809 4195 824 4228 ›l‹

313 4301 325 4354 l
346 4297 398 4354 Die
416 4293 738 4368 kriegsbefiirehtuugen
757 4313 777 4350 s.
796 4296 863 4350 aaa.
974 4351 978 4355 ,

311 4389 328 4441 2
349 4386 375 4440 S.
395 4403 422 4440 n.
444 4386 502 4441 159.
