2884 5074
764 349 831 420 ω’
1301 340 1358 408 osor
1431 319 1432 352 ³

220 527 264 586 lta
285 527 445 598 perbreve
467 525 523 584 boo
541 531 654 599 tempus
675 525 814 590 motorum
837 543 893 588 uon
915 525 1026 589 dubito.
1058 525 1149 587 Peter
1162 526 1269 588 domini
1284 529 1359 586 nostri

220 632 291 690 Josu
303 631 411 690 Christi
429 631 636 690 celsitudinem
652 632 783 691 Vestram
800 632 929 692 ecclesiae
943 647 1002 690 suae
1019 631 1068 689 diu
1086 639 1239 690 conservet
1256 637 1289 690 ei
1301 650 1358 705 quo
1431 645 1432 652 ¹

219 736 291 795 tidie
312 737 338 794 ei
361 752 427 794 snos
449 736 559 794 divinos
580 713 732 795 thesauros
754 742 867 809 augeat,
890 736 1021 809 spiritum
1044 742 1074 796 et
1094 735 1182 795 iidem
1203 740 1257 809 per
1272 724 1359 794 'desum

220 839 367 898 Christum
387 841 532 898 domiuum
553 845 691 898 nostrum.
997 835 999 838 ’

299 941 447 1034 retingo,
470 963 517 1020 ore
541 965 577 1019 lt
597 962 668 1022 ouon
692 965 777 1020 isos.

448 1083 654 1143 illustrissimae
675 1084 861 1146 Celsitudinis·
882 1086 995 1146 Vestrae
1016 1087 1141 1146 servitor

1128 1192 1296 1282 Verginius.

762 1459 828 1514 226.

526 1588 651 1670 Verger
674 1609 715 1651 en
739 1587 857 1672 herzog
880 1585 1065 1670 christoph.

596 1727 745 1800 Tubingen
759 1712 806 1786 'eo
827 1728 994 1806 uertisse.

220 1893 221 1897 =
298 1859 394 1914 Danki
412 1859 473 1914 dem
495 1859 597 1928 herzog
615 1859 658 1912 fiir
677 1859 752 1914 scine
765 1858 842 1913 hiilfe
860 1858 917 1912 und
931 1856 1016 1911 bittet
1030 1855 1102 1911 noch
1115 1874 1162 1909 um
1175 1854 1270 1923 einige
1284 1857 1363 1907 unter-
1431 1867 1432 1936 t

136 1946 138 1950 ’
223 1953 356 2022 rtiitzung
375 1951 404 2006 in
423 1951 514 2006 seiner
532 1952 692 2008 krankhoit.

298 2069 496 2128 illustrissime
517 2069 655 2142 Princeps
676 2074 705 2126 et
727 2067 849 2126 Domine
872 2067 994 2126 Domine
1014 2066 1263 2138 Clementissimel

302 2173 495 2248 Posteaquam
511 2174 715 2232 Illustrissimae
731 2172 901 2230 Oelsitudini
916 2172 1028 2230 Vestree
1042 2187 1095 2244 pro
1113 2170 1215 2228 innata
1225 2186 1280 2228 sus
1299 2185 1364 2227 sum-

219 2294 265 2336 ma
286 2277 438 2336 elementia
458 2278 580 2350 placuit,
609 2294 665 2336 non
687 2281 798 2335 tantum
825 2293 878 2350 per
903 2275 1028 2334 aulicum
1054 2275 1242 2333 Celsitudinis
1263 2275 1366 2331 Vestis

145 2389 147 2394 ’
220 2383 452 2441 concionatorem
475 2398 518 2440 me
540 2383 674 2454 invisere,
696 2398 795 2440 verum
818 2381 906 2440 etiam
926 2381 1032 2438 litteris
1053 2378 1193 2454 pietatem
1209 2395 1289 2436 suam
1306 2393 1366 2449 erge
1431 2405 1432 2464 n

220 2503 265 2544 me
287 2487 451 2560 ostendere,
474 2503 530 2548 uon
551 2503 665 2558 pessum
688 2485 766 2544 aliud
788 2491 937 2560 prestare,
960 2501 1044 2558 quarn
1065 2485 1129 2542 Deo
1151 2499 1216 2542 meo
1238 2490 1269 2541 et
1286 2481 1365 2540 Celsi·

218 2590 313 2650 tudini
326 2590 440 2650 Vestrae
453 2590 562 2664 gratias
572 2607 668 2664 egere,
691 2591 811 2666 ejusque
827 2591 951 2648 divinam
959 2589 1143 2661 maiestatem
1155 2587 1365 2660 precibus'meis

218 2694 369 2772 (quamdiu
390 2695 519 2770 licuerit)
541 2695 706 2766 sollicitare,
729 2701 761 2753 ut
774 2695 998 2753 illustrissimam
1015 2693 1222 2752 Celsitudinem
1239 2693 1364 2751 Vestram

220 2800 350 2857 ecclesie
371 2817 430 2858 suae
451 2816 548 2857 rorum
569 2800 727 2858 membrum
749 2816 833 2872 quem
856 2799 1016 2857 diutissime
1037 2803 1199 2855 conservet.

297 2905 376 2962 Petit
397 2905 594 2963 illustrissima
614 2903 765 2963 Oolsitndo
787 2904 905 2972 Vestra,
928 2911 974 2974 ui,
996 2904 1020 2960 si
1043 2919 1100 2976 qua
1120 2919 1153 2960 re
1176 2919 1249 2974 opus
1270 2901 1364 2968 habeo,

218 3009 391 3068 celsitudini
415 3009 526 3067 Vestrae
554 3007 724 3081 significem3
754 3009 834 3066 Deus
864 3009 958 3080 novit,
987 3025 1057 3088 quus
1078 3007 1288 3066 sollicitudines
1307 3023 1365 3079 per-

217 3110 294 3172 ferre
317 3129 404 3184 cogar
424 3114 452 3171 in
475 3099 534 3170 hoc
549 3115 635 3184 longo
657 3129 720 3170 meo
742 3112 851 3183 morbo,
874 3112 999 3184 adeosut,
1021 3114 1044 3169 si
1058 3110 1122 3168 fieri
1141 3119 1249 3184 posset,
1270 3111 1363 3170 uellem

218 3216 333 3274 dissolri
356 3223 385 3274 et
407 3234 469 3274 esse
492 3233 555 3274 cum
577 3215 707 3288 Christ03
736 3223 865 3289 sumptus
886 3221 954 3272 sunt
974 3218 1100 3288 majmos
1127 3217 1230 3286 solito,
1260 3214 1362 3273 famuli-

218 3323 289 3378 tium
312 3337 440 3394 quoque‚
476 3337 527 3378 nec
548 3319 663 3378 aliunde
685 3336 770 3391 quem
791 3319 826 3378 ab
848 3319 1043 3378 illustrissima
1066 3319 1247 3378 celsitudine
1268 3321 1363 3378 Vestra

219 3433 264 3482 est
284 3423 353 3481 mihi
375 3423 533 3482 subsidium
554 3425 788 3506 exspectandum.
832 3425 926 3496 Quare
958 3425 994 3482 ad
1024 3441 1085 3482 eum
1114 3442 1235 3484 accurro
1264 3433 1291 3484 et
1315 3440 1362 3498 per

220 3529 366 3587 Christum
387 3545 467 3600 rogo,
490 3535 521 3585 ut
542 3529 609 3586 mihi
625 3529 746 3586 maxime
761 3529 901 3602 indigenti
917 3547 959 3601 ea,
981 3546 1045 3602 quoe
1060 3507 1194 3602 voluerit,
1216 3531 1362 3590 christiana

219 3635 340 3694 caritate
362 3643 521 3692 succurrat.
555 3633 698 3692 Hobitura
719 3636 793 3692 enim
817 3639 861 3691 est
882 3616 1029 3692 Celsitudo
1048 3635 1152 3692 Vestra
1174 3634 1362 3694 illustrissima

218 3739 365 3797 coelestem
387 3739 514 3810 Putrem,
537 3741 585 3812 qui
606 3739 720 3796 abunde
742 3729 977 3810 compensaturus
999 3746 1052 3796 est.

295 3844 391 3914 Plura,
416 3843 620 3916 quaesendum,
642 3860 698 3902 non
713 3842 814 3914 babeo,
828 3843 954 3901 coelestis
970 3843 1057 3902 Peter·
1074 3843 1248 3902 Oelsitudini
1260 3845 1360 3902 Vestrae

213 3947 419 4006 illustrissimae
441 3953 549 4019 augeat
578 3965 644 4004 suos
675 3947 786 4006 divinos
814 3939 980 4020 thesauros
1008 3947 1140 4020 spiritum
1162 3957 1193 4006 et
1212 3949 1293 4007 fidem
1310 3962 1359 4018 per

213 4053 314 4112 desum
336 4051 481 4112 Christum
503 4052 649 4111 dominum
672 4058 809 4110 nost-rum.

295 4177 436 4248 Tubingae
458 4177 505 4234 die
527 4175 612 4234 XXX
632 4176 702 4234 dulii
726 4177 810 4233 1565.

444 4295 653 4356 illustrissimae
676 4296 863 4356 Celsitudinis
884 4299 996 4358 Vestrae
1017 4300 1142 4358 servitor

775 4408 777 4418 ’
1122 4422 1282 4496 vergentis
