2862 5080
91 369 149 424 lton
609 373 670 434 431

87 543 147 601 satis
164 539 307 600 commode
328 545 415 614 atque
435 539 546 598 laute-⁸.
587 539 726 613 Princeps
753 540 821 598 luto
848 537 903 597 lnit
927 541 1021 598 animo
1052 547 1082 599 et
1102 555 1217 615 semper

86 646 178 718 agebat
205 647 312 720 gratias
340 645 451 704 Vestrae
482 641 686 702 lllustrissimae
715 643 902 716 celsitudini,
935 645 1087 718 omniaque
1118 645 1219 705 suffert

85 749 266 808 libentissime,
306 749 394 808 Mene
415 765 523 808 summo
544 749 672 808 misimus
699 749 831 807 nuntium
857 749 1087 822 adgenerosum
1109 750 1137 808 d.
1158 750 1218 810 Un-

84 854 227 925 gnadium¹
247 855 387 927 illumque
415 853 614 924 invitavimus3
642 869 740 911 verum
767 855 913 912 excusavit
939 871 970 912 se
996 863 1116 928 propter
1143 854 1219 913 vale·

84 957 207 1016 tudinem.
246 958 398 1031 Praecipua
421 975 497 1016 nunc
517 965 562 1016 est
582 974 651 1022 cura
671 973 730 1014 snae
751 957 953 1016 illustrissimae
974 957 1165 1026 celsitudinis,
1185 965 1219 1017 nt

84 1061 190 1134 babeat,
212 1079 284 1136 quos
304 1064 395 1134 possit
415 1063 491 1137 apud
511 1079 542 1121 sc
563 1062 670 1122 habere
692 1070 722 1121 et
742 1064 816 1122 bene
838 1069 964 1122 tractare
986 1065 1014 1122 in
1035 1078 1088 1122 sua
1110 1080 1217 1123 mensa.

84 1165 167 1236 Quare
186 1172 268 1224 tanto
288 1167 422 1226 libentius
443 1167 621 1240 exspectabit
649 1173 776 1240 tempus,
805 1183 861 1240 quo
882 1166 1043 1241 Tubingam
1070 1169 1108 1227 sit
1134 1184 1217 1227 revo-

82 1269 186 1342 candus,
205 1271 320 1328 interca
340 1270 501 1344 equissimo
522 1272 617 1328 animo
637 1271 757 1342 patitur,
777 1286 808 1328 sc
829 1271 857 1328 in
880 1269 950 1328 tolia
970 1271 1035 1329 loca
1055 1271 1219 1344 ablegatum

81 1389 149 1430 csse:
170 1373 352 1434 commendat
371 1391 402 1434 se
424 1391 459 1432 ex
480 1375 574 1434 animo
598 1375 707 1432 Vestra
727 1375 930 1434 illustrissimae
953 1373 1132 1434 celsitudini.

150 1477 220 1536 Sunt
242 1479 312 1537 mihi
328 1497 365 1538 ex
379 1479 513 1538 Helvetia
527 1480 644 1551 littere,
656 1471 696 1536 ‘in
717 1478 821 1552 quibus
841 1479 1011 1540 nuntiantur
1030 1480 1105 1538 bona
1125 1483 1221 1540 omnia

82 1581 113 1639 de
132 1582 265 1642 inderel
287 1585 364 1656 regis
377 1582 502 1644 Gallise¹
523 1601 586 1644 cum
606 1586 801 1657 ipsaltbaetla,
824 1602 880 1660 qna
900 1586 928 1642 in
951 1600 983 1642 re
1006 1601 1059 1660 ego
1081 1602 1137 1644 non
1159 1587 1219 1644 exi·

78 1702 155 1758 gnam
181 1689 286 1753 navari
314 1705 430 1763 operam
458 1707 511 1764 per
538 1690 592 1748 Dei
619 1691 750 1763 gratiam.
792 1691 873 1748 Inter
900 1689 958 1748 alia
985 1689 1084 1750 scribit
1110 1691 1146 1748 ad
1173 1707 1219 1750 rne

78 1791 290 1866 Bullingerns0,
319 1812 389 1868 quas
409 1795 523 1852 litteras
544 1811 598 1868 ego
619 1795 768 1866 colligatas
789 1796 887 1864 mitto;
913 1791 984 1850 iacit
1011 1795 1086 1852 enim
1107 1794 1219 1854 Vestrae

78 1893 256 1956 (lenitudinis
276 1899 452 1956 mentionem
474 1904 504 1955 et
524 1896 581 1956 alia
601 1913 674 1954 nova
694 1897 835 1970 adjungit.

146 2001 254 2060 Vestra
273 2002 470 2060 illustrissima
491 2001 639 2060 Celsitudo
660 2001 728 2060 boni
748 2001 889 2060 consulat.
931 2000 1137 2062 Commorabor
1165 2020 1219 2076 ego

76 2100 124 2174 hic,
144 2103 212 2162 dum
232 2120 315 2162 meus
336 2121 436 2164 currus
457 2109 640 2176 revertatur,
672 2120 756 2176 quem
777 2121 861 2178 spero
880 2105 926 2162 die
942 2104 1032 2164 Lunae
1052 2105 1219 2166 adfuturum

76 2211 121 2264 aut
139 2208 254 2268 Martis.

145 2313 329 2374 Reverenter
348 2329 395 2372 me
410 2313 578 2372 commendo
594 2313 799 2374 Illustrissimae
811 2314 984 2374 Celsitudini
995 2316 1115 2386 Vestite,
1136 2333 1221 2392 qnam

75 2411 148 2472 Deus
168 2422 269 2475 servet
289 2432 307 2472 a
327 2415 410 2474 malo.

144 2520 232 2579 Datae
254 2520 408 2595 Mctzingae
430 2520 623 2580 dissecando
644 2519 820 2602 Septembris
844 2527 928 2582 1564.

144 2625 361 2684 Illustrissimus
380 2624 558 2684 Radzivillus
577 2625 705 2697 audivit,
737 2644 801 2700 qnae
822 2629 939 2702 scripsi,
960 2630 1022 2701 ipsc
1043 2639 1139 2690 autem
1160 2638 1220 2691 met

71 2727 148 2787 brevi
174 2731 299 2790 daturus
327 2737 371 2790 est
397 2730 511 2790 litteras
538 2731 574 2788 ad
595 2731 729 2790 Vestram
755 2733 981 2794 illustrissimam
1002 2734 1217 2805 Celsitndinem

72 2834 111 2891 cni
131 2851 163 2895 se
184 2835 370 2896 commendat
389 2837 495 2896 iterum
515 2842 603 2910 atque
623 2836 738 2894 iterum.

300 2943 411 3000 Vestrae
433 2941 636 3000 Illustrissimae
658 2940 845 3001 celsitudinis
870 2945 994 3003 servitor

976 3051 1141 3124 Vergcrius.

136 3174 251 3248 Herzog
270 3175 419 3247 christoph
439 3176 548 3232 schrieb
572 3177 764 3248 eigenhtndig
791 3177 842 3233 auf
866 3179 919 3233 den
947 3179 1018 3235 rand
1043 3179 1091 3235 des
1115 3179 1217 3236 bricls:

67 3281 131 3319 sn.
152 3265 169 3318 2
210 3305 216 3320 .

136 3267 260 3408 ιιξιιὶιο
287 3369 356 3421 geru
382 3369 533 3408 vernemen
560 3355 607 3408 des
630 3354 786 3408 boasvillae
812 3373 845 3408 au
863 3354 1025 3424 Metaingen
1044 3355 1218 3419 ankhcmen;

67 3439 151 3495 wirde
178 3439 232 3494 bin
263 3440 394 3511 dienstag
421 3441 496 3510 gehn
522 3439 702 3512 Pfullingcn,
730 3441 796 3496 alda
821 3441 867 3496 ich
893 3441 978 3496 sehon
998 3441 1057 3496 will
1084 3441 1149 3495 umb
1174 3441 1222 3495 ain

68 3526 187 3597 gelegne
208 3528 333 3596 herberg
352 3528 424 3592 ime,
455 3529 510 3582 dan
529 3545 558 3582 es
577 3528 643 3583 alda
661 3529 704 3582 nit
730 3531 812 3600 gutte
838 3529 950 3584 honsser
974 3529 1052 3594 habt,
1081 3529 1139 3582 und
1158 3545 1220 3583 vcr-

33 3625 35 3632 '
69 3612 144 3680 hoffs,
165 3616 193 3670 S.
217 3615 249 3670 L.
270 3635 302 3670 zu
322 3617 375 3669 mir
393 3615 532 3680 beruffen,
551 3617 614 3671 deni
633 3617 833 3673 waidtwerolrh
852 3617 909 3671 und
924 3617 1012 3686 jagen
1032 3615 1078 3670 ain
1097 3615 1220 3684 gesellen

68 3716 99 3752 za
138 3702 174 3755 eb
195 3721 223 3756 n.

107 3719 151 3843 'gb
172 3721 253 3846 {ere
271 3807 300 3845 es
318 3807 387 3860 geru
406 3791 463 3846 und
485 3791 556 3846 noch
575 3791 664 3847 lieber
684 3792 767 3847 nolte
785 3791 831 3846 ich
851 3792 951 3856 heren,
979 3791 1030 3850 das
1047 3790 1095 3846 der
1114 3791 1220 3860 herzog

639 3909 653 3940 >ll

137 3987 149 4040 l
172 3984 203 4039 S.
224 4002 253 4038 n.
272 3985 314 4038 30.
943 4017 946 4022 ,

132 4073 149 4124 2
171 4071 200 4126 S.
223 4088 252 4123 n.
273 4071 322 4124 155
341 4069 369 4122 ff.
389 4069 446 4122 und
465 4071 516 4128 205
536 4071 563 4124 ff.
593 4069 648 4124 Der
668 4069 981 4140 vereinigungsvertrag
999 4068 1135 4124 nwischcn
1151 4069 1221 4123 Karl

60 4155 97 4211 IX
118 4158 179 4212 und
208 4156 266 4210 den
291 4155 473 4224 cidgencssen
495 4156 590 4212 warde
609 4159 624 4210 7
644 4157 795 4212 December
814 4158 883 4212 1564
909 4155 1142 4225 abgeschlcmem
1173 4155 1222 4209 der

60 4245 281 4314 schicdvertrag
299 4244 436 4298 zwischcn
455 4244 528 4298 Bcrn
548 4245 605 4298 und
625 4245 768 4312 Savoyen,
794 4244 843 4297 der
861 4242 907 4296 die
925 4241 1134 4311 streitiglreiten
1154 4240 1223 4295 tiber

59 4330 108 4385 das
130 4330 316 4388 Waadtland
336 4331 512 4396 schlichtcte,
531 4351 563 4386 au
582 4330 729 4387 lrausanne
747 4333 781 4386 30
799 4329 919 4385 October
937 4330 1013 4383 1564.

129 4420 195 4475 38.
218 4437 249 4472 ιι.
269 4421 328 4474 111.
