2830 5072
580 637 644 698 122.

343 757 469 846 Verger
492 780 534 824 an
556 757 674 846 herzog
698 749 883 846 christoph.

385 891 535 963 Tubingen
558 895 594 951 22
616 893 730 966 August
752 895 837 952 1561.

111 999 249 1056 Bericbiet
263 1001 356 1072 einiga
368 1001 550 1070 neuiglreiteu
565 1003 634 1057 iiber
646 1003 824 1069 Franlvreicb,
840 1003 892 1058 Gra
898 1003 1037 1068 ubilnden‚
1050 1003 1186 1076 Venedig,

55 1096 125 1152 sonis
142 1099 208 1152 iiber
226 1096 273 1153 cin
291 1097 558 1154 autitrinitarisohcs
576 1099 665 1164 bucb;
686 1100 774 1155 bittet
792 1119 839 1155 um
857 1099 939 1156 einen
952 1099 1126 1171 geleitsbriei
1141 1099 1186 1154 1111

55 1192 135 1248 acinon
152 1192 243 1249 aetion
264 1193 381 1265 Ludwig
400 1212 433 1248 au
451 1193 527 1250 einer
544 1194 616 1250 raiae
634 1195 707 1251 nach
725 1195 861 1252 Preullen.

119 1291 311 1352 illustrissime
332 1293 473 1366 Princeps
493 1299 524 1352 et
543 1293 667 1354 Domine
688 1295 810 1354 Domine
833 1295 1076 1354 clementissime!

121 1396 345 1468 constitueram,
375 1397 461 1456 hodie
494 1397 633 1458 accedere
663 1399 699 1458 ad
731 1400 956 1460 Illustrissimam
977 1398 1184 1459 Gelsitudinem

58 1501 182 1574 Vestram,
204 1502 255 1562 scd
275 1503 560 1578 proptereadiiicro‚
582 1503 650 1578 quia
670 1507 839 1577 supervenit
858 1484 961 1564 ucecio‘
976 1506 1039 1580 quis
1058 1503 1187 1578 paroais·

56 1623 119 1677 mus,
140 1625 193 1667 non
216 1614 314 1668 tamen
334 1625 461 1682 magnas.
503 1609 639 1682 Veniam,
660 1625 723 1668 cum
743 1611 842 1670 videro
864 1611 1028 1682 evanuisse,
1057 1608 1080 1668 si
1101 1609 1186 1668 modo

56 1720 199 1785 evanescet,
221 1715 272 1772 sed
293 1712 344 1773 flat
363 1716 496 1774 voluntas
507 1715 631 1774 Domini.
664 1714 770 1788 Scripsi
791 1715 828 1775 ad
849 1715 876 1774 d.
889 1715 1061 1774 Balduinum
1075 1713 1093 1786 ¹,
1115 1720 1185 1788 puto

57 1823 193 1876 venturum
215 1819 400 1892 propediem,
428 1835 513 1894 spero
534 1821 633 1896 aliqua
652 1821 814 1894 commoda,
842 1821 866 1880 si
887 1837 951 1881 enm
972 1821 1078 1880 Vestra
1097 1819 1187 1881 Gclsi-

54 1923 111 1980 tudo
129 1924 263 1983 audierit.

117 2027 148 2086 D.
161 2027 320 2103 Goguctius
330 2027 350 2101 ¹,
366 2028 522 2090 ‘Gallorum
537 2031 614 2105 regis
630 2036 737 2103 orator,
758 2029 879 2096 dubitat,
900 2043 969 2088 num
989 2028 1026 2087 sit
1041 2028 1185 2088 Basileam

53 2133 82 2191 ad
99 2136 210 2195 comitia
222 2117 385 2209 'ventorum
406 2138 430 2194 si
447 2138 569 2209 venerit,
589 2135 735 2196 nuntiabit
755 2133 824 2194 mitt
844 2149 897 2206 por
916 2133 1093 2207 peculiarem
1112 2149 1186 2191 nun·

52 2235 118 2308 tium,
137 2243 169 2296 ut
189 2239 336 2297 accedam.
376 2239 443 2299 lam
463 2238 565 2313 incipit
585 2255 719 2312 sperare,
747 2253 778 2298 se
798 2253 882 2311 posse
902 2243 1028 2312 quatuor
1047 2241 1186 2297 centones

51 2340 237 2402 Helvetiorum
258 2344 419 2418 precipuos
442 2345 471 2402 in
490 2342 585 2402 foedus
606 2343 755 2403 Gallorum
776 2343 962 2416 pertrahere;
989 2349 1089 2416 sperat
1108 2343 1185 2402 enim

51 2462 96 2504 nou
121 2445 249 2507 futuram
276 2447 400 2522 amplius
426 2448 657 2522 persecutionem
688 2455 789 2508 contra
814 2448 993 2508 Christianos
1019 2449 1049 2507 iu
1074 2447 1186 2507 Galliis.

52 2549 200 2612 Verebatur
221 2553 358 2627 quidem,
388 2571 425 2612 ne
446 2571 476 2612 se
497 2560 666 2613 recusarent
693 2555 853 2629 adiungere
874 2553 1023 2634 Gallorum
1050 2554 1132 2628 regi,
1162 2553 1188 2610 sl

52 2656 248 2718 consessionem
270 2661 467 2731 Augustarum
494 2659 524 2717 iu
546 2658 652 2718 Gallias
679 2659 853 2731 invexisset,
884 2658 935 2717 sed
962 2657 1078 2717 tandem
1098 2655 1187 2724 videt,

51 2761 109 2819 satis
128 2779 199 2836 csse,
221 2765 247 2822 si
267 2765 298 2822 iu
319 2780 354 2824 eo
374 2781 463 2837 regno
485 2773 616 2825 cassetur
636 2783 653 2823 a
672 2765 885 2839 persecutione.

115 2868 146 2925 ln
166 2869 284 2927 Rhaetia
303 2885 355 2928 rex
375 2869 578 2943 Hispaniarum
599 2871 730 2942 proximo
750 2885 847 2928 mense
867 2873 1034 2928 tentaturus
1061 2873 1121 2939 est,
1149 2881 1186 2924 an

49 2970 127 3040 possit
150 2972 233 3044 ipsos
254 2969 371 3030 Rboetus
398 2978 449 3030 aut
469 2971 607 3031 Grisones
632 2989 650 3030 a
671 2972 820 3032 Gallorum
840 2990 910 3047 rege
931 2973 1059 3032 avellere
1081 2977 1111 3031 et
1132 2970 1187 3030 sibi

49 3073 203 3148 adjungere.

120 3181 225 3240 Veneti
246 3183 276 3239 in
304 3181 361 3241 illis
387 3179 492 3241 finibus
521 3180 668 3266 (bergami
688 3183 812 3261 scilieet)
840 3181 1024 3243 conscribunt
1050 3182 1187 3254 militem

48 3291 167 3345 metuunt
188 3287 284 3360 enim,
311 3303 349 3346 ne
370 3287 467 3347 Gaesar
487 3294 517 3346 et
537 3289 618 3362 Papa
639 3295 774 3348 moveant
793 3289 853 3348 illio
873 3305 968 3360 arma,
996 3289 1051 3346 nisi
1076 3287 1189 3350 scilieet

48 3388 130 3450 Rtaeti
145 3391 201 3466 ipsi
218 3397 268 3450 aut
280 3391 416 3452 Grisones
432 3393 613 3466 evangelicos
628 3393 843 3453 concionatores
860 3393 999 3466 ejecerint
1015 3397 1044 3450 et
1059 3390 1187 3450 Jesuitas

49 3495 216 3556 admiserint.
250 3498 313 3569 Qua
334 3497 369 3556 de
390 3515 422 3557 re
443 3498 648 3558 Illustrissimae
664 3498 836 3558 Gclsitudini
856 3499 968 3558 Vestrae
990 3504 1057 3562 nate
1077 3497 1188 3570 aliquot

48 3601 212 3674 septimanas
233 3603 334 3676 scripsi
346 3601 366 3659 ⁸.

114 3707 239 3766 Nobiles
259 3705 386 3773 Lituani‚
407 3705 455 3778 qai
478 3705 523 3780 (ut
538 3722 633 3764 coram
648 3705 723 3780 dixi)
743 3705 954 3766 revocabantur
973 3722 991 3764 a
1010 3703 1188 3778 parentibus,

50 3810 114 3869 male
134 3813 247 3870 scilicet
267 3807 444 3881 informatis,
475 3810 688 3868 constituerunt
708 3810 825 3868 mittere
846 3827 934 3868 unum
955 3824 991 3868 ex
1011 3811 1070 3868 suis
1090 3809 1119 3866 111
1139 3807 1188 3866 Li·

50 3918 177 3990 ttamum,
205 3922 239 3974 nt
260 3931 310 3974 eoa
331 3920 484 3973 excusaret
505 3921 535 3974 et
555 3916 708 3988 pecuniam
729 3914 898 3974 mittendam
918 3918 1043 3973 curaret.
1083 3913 1112 3970 Is
1132 3913 1187 3971 ita·

604 4019 619 4053 *
1131 4015 1134 4024 ,

111 4099 124 4151 1
142 4099 170 4153 S.
188 4117 216 4153 11.
236 4099 287 4154 120
305 4097 364 4152 vind
385 4098 442 4152 121.

110 4184 125 4236 2
143 4183 289 4238 Matthbus
308 4183 440 4253 Goignat,
469 4182 670 4239 franzbsischer
689 4184 841 4252 gesandter
860 4184 906 4240 bei
925 4184 974 4238 der
992 4182 1192 4252 eidgenossen-

50 4267 134 4323 aehait
151 4287 206 4324 von
226 4272 294 4326 1559
313 4269 356 4325 bis
376 4273 424 4337 62;
443 4288 464 4324 s.
483 4288 510 4324 n.
531 4271 590 4324 124.
613 4272 670 4328 145.
691 4272 750 4326 152.
771 4272 829 4326 153.
856 4271 921 4327 Scin
939 4269 1103 4339 naobfolger
1120 4264 1187 4321 hieu

50 4353 302 4422 burdemontem
320 4357 360 4412 La
379 4358 470 4414 Groix.
489 4357 548 4413 191.

111 4444 127 4497 3
145 4443 173 4500 S.
190 4463 216 4500 n.
237 4445 295 4501 115.
