2852 5076
792 409 833 470 86
1317 403 1368 460 litt

241 579 390 638 inservire,
422 579 551 638 Petimus
571 577 661 650 igitur
681 595 757 636 nunc
775 594 837 637 rem
858 579 991 654 aliquam,
1013 597 1077 654 quae
1097 577 1285 637 vehementer
1302 577 1369 636 uobis

240 683 321 741 cordi
342 687 403 750 ast,
435 681 503 742 l'reti
533 687 633 740 nostre
663 680 856 750 couscientia,
887 687 987 742 nostra
1016 683 1046 741 in
1067 683 1125 742 Vos
1152 681 1336 742 obseruantia
1351 687 1370 740 et

241 785 346 845 Vestra
366 803 474 844 summa
494 784 682 844 humanitate.
714 787 797 859 Quod
819 803 887 846 vero
914 787 1037 861 petimus
1058 787 1223 862 hujusmodi
1244 792 1295 846 est.
1327 790 1370 844 Au·
1420 816 1421 833 r

240 887 333 946 dimus
353 887 414 946 iere
435 895 501 948 anta
523 888 621 947 decem
642 905 732 948 annos
752 892 915 962 conjectum
935 890 1024 951 fuisse
1044 891 1073 950 iu
1095 891 1258 950 carceribus
1274 892 1371 950 Vestris

240 991 360 1051 fratrem
381 993 502 1052 llaldum
523 991 632 1052 ordinis
661 993 801 1053 minorum
829 995 865 1054 de
886 995 1015 1068 Albona,
1043 1014 1146 1069 nempe
1174 1002 1293 1071 propter
1318 997 1371 1055 reli·

241 1098 365 1170 glanem,
388 1104 417 1156 et
438 1101 505 1172 quia
523 1116 580 1158 non
600 1105 716 1172 potarat
735 1098 812 1158 ferre
833 1105 862 1158 et
883 1099 1017 1159 confiteri
1038 1099 1197 1160 doctrinam
1222 1100 1372 1172 pontificum

241 1203 434 1263 Romanorum
456 1219 518 1262 esse
540 1203 691 1272 sinceram,
713 1221 797 1278 quam
817 1205 867 1264 ille
888 1211 1052 1280 corruptam
1073 1223 1136 1265 esse
1156 1212 1255 1279 putat,
1284 1213 1314 1266 et
1338 1223 1372 1264 su·

243 1304 355 1379 dimus,
387 1307 473 1366 etiam
495 1308 575 1366 illum
594 1311 653 1382 jam
674 1309 791 1368 omnino
813 1326 875 1368 esse
896 1327 995 1369 senem
1017 1317 1046 1384 et
1068 1310 1265 1384 decrepitum,
1295 1309 1338 1368 ita
1352 1316 1373 1366 nt

241 1425 341 1480 parum
363 1409 455 1468 adhuc
475 1427 559 1484 posse
580 1427 645 1470 eum
666 1411 763 1470 virere
784 1411 958 1484 sperandum
978 1413 1025 1472 sit.
1066 1414 1099 1472 ln
1127 1431 1236 1472 summa
1257 1431 1373 1488 rogamus

244 1519 275 1570 et
306 1513 487 1573 obsecramus
507 1505 641 1574 Vestram
661 1515 870 1590 Dilectionem,
902 1523 989 1592 atque
1016 1517 1178 1578 uniuersam
1205 1519 1292 1577 istam
1316 1533 1373 1576 rarr-

243 1619 385 1692 publicam
407 1620 691 1692 excellentissimam,
719 1629 751 1680 ut
772 1623 842 1680 velit
862 1623 943 1682 lllum
964 1623 1086 1683 Baldum
1107 1623 1234 1683 liberare
1255 1629 1287 1682 et
1306 1623 1372 1681 nobis

244 1723 368 1795 donare,
389 1721 419 1784 id
440 1730 498 1792 est,
527 1726 797 1796 paucissimos'illos
818 1743 908 1785 annos
936 1733 966 1786 et
995 1709 1070 1787 forte
1097 1744 1210 1786 meuses
1230 1733 1283 1786 aut
1302 1729 1372 1784 etiarn

247 1829 324 1901 dies,
351 1829 453 1902 quibus
475 1830 601 1889 uicturus
621 1831 667 1889 sit.
709 1831 790 1902 Quod
810 1849 879 1891 saue
900 1833 1006 1891 donum
1027 1833 1101 1892 tanti
1121 1831 1273 1902 faciemus,
1303 1848 1373 1904 quan-

247 1939 307 1992 tum
329 1935 375 1993 rix
395 1951 542 2007 possemus
563 1935 658 1993 uerbis
677 1935 822 2004 indicare,
852 1943 882 1995 et
908 1935 1039 2010 profecto
1067 1937 1218 1994 exanimo
1239 1936 1374 2010 loquimur.

244 2037 297 2095 Ille
319 2036 354 2113 (si
375 2055 541 2110 possumus,
563 2039 637 2112 quod
660 2041 796 2112 petimus,
818 2040 989 2114 impetrare)
1009 2056 1065 2098 non
1086 2039 1250 2098 remanebit
1270 2041 1374 2114 amplius
1419 2057 1420 2075 ¹

243 2143 272 2198 in
294 2143 420 2201 dominio
441 2143 545 2202 Vestro
567 2161 660 2218 acque
681 2145 709 2202 in
731 2145 831 2213 ltalia,
854 2144 905 2204 sed
925 2145 962 2204 ad
984 2162 1036 2203 nos
1056 2147 1168 2217 veniet,
1193 2151 1223 2203 et
1243 2145 1320 2218 apud
1338 2160 1376 2201 uos
1419 2124 1422 2192 l

245 2245 323 2303 viret
343 2243 380 2322 (si
402 2246 486 2306 modo
507 2253 619 2306 tantum
634 2249 700 2306 ritae
715 2247 757 2306 illi
778 2249 897 2322 superit,
918 2266 974 2323 quo
995 2250 1086 2320 possit
1105 2249 1248 2322 hujusque
1270 2246 1375 2320 venire).
1421 2275 1422 2278 ¹

244 2351 327 2408 Hanc
348 2369 432 2409 arram
454 2352 490 2410 ob
512 2369 624 2411 causam
646 2370 702 2411 non
724 2353 809 2412 modo
830 2353 906 2412 serio
928 2361 958 2412 et
979 2371 1017 2412 ex
1036 2352 1131 2412 animo
1152 2352 1318 2423 scribimus,
1337 2350 1375 2408 sed
1421 2345 1422 2398 r

247 2455 386 2513 mittimus
408 2455 603 2514 doctissimum
623 2457 723 2528 virum,
746 2455 881 2515 dilectum
895 2472 930 2514 ac
943 2453 1113 2516 familiarem
1128 2460 1258 2512 nostrum
1270 2453 1376 2512 Bartlo-
1421 2467 1422 2490 t

244 2558 368 2618 lomeum
389 2559 506 2618 Silvium
521 2559 539 2633 ¹,
561 2560 609 2633 qui
630 2561 681 2618 has
702 2566 815 2620 nostras
835 2559 948 2619 litteras
969 2559 1081 2620 Vestra
1102 2559 1260 2618 Dilectioni
1281 2557 1376 2621 afferet,
1419 2535 1422 2610 l

246 2671 277 2723 et
296 2666 341 2722 cui
362 2664 573 2735 mandarimus,
596 2669 628 2722 ut
648 2663 702 2721 boc
722 2665 867 2736 negotium
890 2664 966 2720 omui
987 2661 1138 2734 diligentia
1158 2665 1257 2719 nostro
1278 2662 1376 2720 nomine
1421 2673 1422 2714 l

245 2769 321 2842 apud
342 2770 402 2827 Vos
423 2767 564 2828 conficiat.
607 2767 845 2826 Commendamus
865 2769 963 2840 itaque
987 2766 1084 2838 illum,
1115 2770 1145 2823 et
1170 2765 1323 2837 benignum
1341 2778 1376 2820 re·

245 2887 379 2943 sponsum
401 2879 597 2942 expectamur,
620 2869 650 2927 id
672 2875 730 2941 est,
752 2869 874 2928 Baldum
894 2869 1000 2942 ipsum,
1022 2871 1072 2943 qui
1091 2871 1128 2928 ad
1149 2886 1201 2928 uos
1222 2861 1378 2934 adducatur,

246 2991 297 3045 pro
319 2991 375 3048 quo
396 2973 491 3032 officio
513 2982 542 3032 et
563 2991 680 3034 munere
702 2991 848 3048 speramus
864 2974 936 3047 fore,
957 2980 989 3034 ut
1003 2976 1143 3047 possimus
1157 2974 1311 3048 aliquando
1325 2972 1377 3030 aliis

245 3078 274 3134 in
296 3077 383 3135 rebus
404 3078 558 3136 Dilectioni
576 3079 694 3150 Vestrae,
716 3085 803 3152 atque
824 3072 966 3137 universae
985 3080 1034 3137 isti
1049 3078 1215 3150 reipublieae
1236 3080 1331 3154 (quam
1350 3091 1377 3132 er

249 3183 344 3239 animo
366 3181 509 3253 diligimus
531 3187 559 3240 et
581 3181 777 3258 observamus)
798 3185 946 3242 inservire.
980 3184 1059 3243 Bene
1079 3183 1175 3242 valeat
1195 3185 1257 3256 ipsa
1270 3178 1379 3241 Dilectio

245 3285 364 3356 Vestra,
392 3285 437 3344 cui
457 3301 509 3342 rios
531 3302 567 3344 ex
587 3288 681 3346 animo
703 3287 940 3346 commendamus.
979 3288 1085 3346 Datum
1106 3289 1135 3346 in
1156 3286 1273 3346 civitate
1292 3287 1379 3343 nostra

246 3387 386 3462 Tubinga
408 3389 454 3448 die
476 3389 576 3448 ultimo
595 3389 666 3448 Jnlii
692 3391 774 3449 1553.

785 3751 821 3807 17
828 3765 852 3808 c.

248 3849 374 3914 Marcus
404 3850 565 3918 Antonius
589 3853 782 3932 Trevisauo,
815 3853 897 3938 dege
927 3875 988 3917 von
1012 3852 1176 3939 Venedig,
1209 3877 1249 3920 an
1271 3851 1379 3930 herzog

726 3966 911 4050 christoph.

587 4079 719 4154 Venedig
739 4084 757 4138 9
779 4079 949 4152 September
971 4081 1055 4138 1553.

550 4183 740 4254 Abschlagige
759 4185 883 4239 answoa
901 4184 952 4239 auf
967 4181 1003 4238 n.
1023 4168 1094 4239 lna

812 4281 828 4316 it

249 4441 274 4500 M
318 4354 569 4504 chartholomaeus
583 4357 702 4432 Sylvius,
722 4333 831 4430 pfarrer
848 4357 878 4413 in
894 4357 1067 4422 Postremus,
1086 4355 1121 4411 cf.
1136 4355 1176 4414 [le
1189 4355 1269 4412 Porta
1285 4349 1304 4413 Ι,
1322 4345 1377 4400 231·

250 4495 255 4502 ,
277 4459 310 4502 ac
351 4443 390 4498 rie
408 4445 468 4504 356,
