2830 5078
63 369 123 427 1559
594 377 655 438 213

60 544 93 602 ad
118 543 237 616 gloriam
259 544 314 603 Dei
343 549 372 603 et
400 543 554 605 utilitatem
583 547 705 619 proximi
732 511 830 620 posiet
858 545 1006 620 publicari.
1047 545 1077 606 Si
1104 548 1200 608 denuo

59 645 173 704 inissent
194 644 335 705 vertenda
362 643 452 706 biblia
471 663 524 722 per
544 654 639 708 certos
660 648 806 720 homines,
838 651 886 724 qui
908 650 962 709 huc
982 651 1142 720 venissent,
1170 657 1200 712 et

58 750 145 823 magni
167 757 297 822 sumptus
317 747 439 810 inissent
455 749 588 822 faciendi,
610 749 733 810 fuissent
749 767 869 826 qnoque
880 751 1045 827 requirendi
1058 752 1108 812 alii
1121 754 1199 826 prin-

58 855 140 928 cipes,
168 855 219 930 qni
240 855 467 924 contribuerunt3
496 855 533 914 ob
554 871 639 928 qnam
660 873 774 916 eausam
795 872 970 916 accesseram
990 874 1045 933 ego
1065 855 1103 916 ad
1124 858 1200 918 elec·

57 966 142 1018 torem
160 959 328 1020 Palatinum
350 957 533 1032 defunctum
558 961 610 1020 aed
640 977 704 1021 cnm
726 962 772 1020 vix
792 962 881 1021 tertia
899 977 967 1036 pars
987 964 1050 1036 ejus
1070 967 1200 1037 sumptus

57 1061 183 1123 iacienda
203 1082 278 1124 nunc
304 1067 360 1138 sit,
391 1081 485 1138 spero,
506 1065 639 1125 Vestram
667 1065 889 1126 illustrissimam
916 1065 1123 1126 Celsitndinem
1147 1082 1200 1141 pro

56 1185 102 1226 sua
120 1185 226 1242 magna
245 1170 356 1243 pietate
379 1187 434 1229 non
456 1177 663 1244 recusaturum,
685 1173 757 1230 velle
779 1173 869 1230 solam
884 1171 942 1230 tale
955 1187 1028 1230 onus
1047 1171 1200 1246 sustinere,

55 1271 88 1330 ud
106 1273 229 1346 gloriam
249 1273 330 1347 ejus,
362 1275 410 1348 qni
437 1292 490 1348 pro
519 1273 600 1334 nobis
627 1282 747 1334 mortem
773 1275 918 1335 sustinuit.
960 1275 1133 1334 Commendo
1152 1290 1199 1334 me

55 1384 218 1436 reverenter
232 1377 436 1437 illustrissime
451 1379 647 1440 Dominalioni
659 1379 779 1448 Vestrae,
801 1379 879 1438 Dens
893 1385 999 1454 augeat
1009 1379 1050 1438 iili
1067 1380 1199 1454 spiritum

55 1485 82 1540 ct
99 1480 184 1540 fidem
204 1499 257 1556 por
278 1482 423 1542 Christum
443 1483 589 1543 domiuum
609 1488 747 1542 nostrum.

8 1655 9 1660 η
126 1611 266 1684 'iuhingae
287 1613 335 1672 die
356 1612 398 1670 Xi
418 1611 488 1671 Maii
509 1629 584 1672 anno
605 1615 652 1671 59.

278 1743 465 1804 Celsitndinis
486 1745 597 1804 Vestrae
619 1744 823 1804 illustrissimae
844 1745 966 1803 servitor

951 1873 1119 1948 Vergellus.

605 2155 651 2211 86.

355 2274 480 2364 Ver-ger
504 2299 546 2342 an
566 2277 686 2361 herzog
708 2275 893 2361 Christoph.

380 2413 527 2488 Thbingen
551 2419 565 2472 l
589 2414 759 2489 September
782 2416 865 2473 1559.

119 2539 250 2594 Fdrbitte
278 2541 323 2595 ihr
350 2541 431 2598 einen
457 2543 487 2596 in
515 2543 599 2598 (11111
628 2543 806 2615 geiangenen
830 2542 977 2609 italiilner;
1005 2541 1050 2598 die
1074 2540 1198 2597 adricher

57 2633 202 2706 theologen
220 2636 298 2692 scien
316 2637 380 2692 sehr
398 2639 492 2694 erhost
511 2639 562 2696 anf
577 2639 642 2706 ihn,
661 2639 726 2694 weil
744 2657 774 2695 er
792 2639 837 2695 die
856 2637 974 2710 111111ςὶ1
992 2654 1047 2693 von
1065 2635 1197 2708 England

55 2748 97 2784 zur
114 2733 255 2788 annahme
274 2734 323 2788 der
341 2735 507 2806 Augustana
524 2737 660 2806 bewegen
679 2735 769 2790 welle.

127 2838 321 2898 illustrissime
342 2841 481 2914 Princeps
502 2847 532 2900 et
553 2842 675 2900 Domine
696 2843 817 2900 Domine
838 2839 1081 2900 Clementissime!

129 2943 233 3001 Vestra
254 2943 451 3002 illustrissima
472 2943 621 3004 Celsitndo
643 2946 761 3020 dignata
780 2945 853 3019 luit,
879 2943 1015 3018 proximis
1041 2941 1196 3017 preteritis

57 3045 194 3104 mensibus
217 3045 255 3103 ad
282 3044 495 3104 serenissimum
523 3063 623 3120 regem
643 3048 789 3107 Bohemiae
814 3049 1015 3122 intercedere,
1046 3054 1079 3106 ut
1110 3048 1197 3106 vellet

57 3153 120 3222 pati,
142 3168 196 3224 quo
218 3151 321 3224 aliquis
341 3151 460 3224 insignis
477 3153 658 3214 Christianus
679 3155 786 3214 amicus
803 3152 1198 3229 1111111Ι11111111113111

59 3255 85 3311 in
105 3255 188 3312 istria
210 3255 395 3330 consisteret,
417 3265 447 3316 et
467 3274 547 3327 ecce,
578 3261 692 3320 interea
713 3261 780 3318 dum
801 3265 948 3335 exspectat
968 3275 1145 3333 responsum,
1166 3259 1197 3316 in

64 3360 197 3418 excelsam
217 3361 322 3418 turrim
333 3359 453 3418 Goritiae
474 3361 638 3434 conjicitur.
673 3361 854 3422 Crediderim
873 3361 961 3422 fnisse
982 3379 1115 3422 caesareae
1134 3362 1197 3422 Ma·

58 3466 164 3536 jestatis
190 3483 271 3538 opus.
318 3466 515 3526 illustrissima
542 3467 691 3526 Celsitudo
713 3469 816 3527 Vestra
836 3469 987 3542 inspiciat,
1018 3467 1094 3543 quod
1114 3469 1197 3554 mitto

60 3571 226 3628 memoriale.
278 3569 413 3644 Supplico
441 3586 495 3643 per
524 3569 624 3628 iesum
647 3570 811 3644 Christum,
843 3588 878 3630 ne
909 3571 1059 3644 permittat
1094 3571 1196 3647 (qnan-

61 3674 162 3732 lumin
182 3691 213 3732 se
235 3673 293 3749 ast)
324 3680 356 3732 nt
384 3673 475 3732 honus
503 3673 553 3731 1111
581 3675 624 3731 vir
652 3680 703 3732 ant
728 3676 759 3732 in
780 3675 957 3735 Venetorum
983 3681 1034 3735 aut
1058 3675 1089 3733 in
1109 3674 1197 3748 Papae

62 3793 151 3837 manne
169 3781 403 3851 transmittatur,
435 3779 489 3838 hoc
517 3785 594 3837 11111
614 3780 684 3838 dare
704 3781 780 3853 iupis
801 3779 995 3840 devorandum
1022 3779 1113 3838 filium
1132 3781 1197 3851 Dei,

62 3879 187 3942 Vestrum
207 3884 375 3942 membrum.

133 3990 232 4061 »Quod
252 3990 303 4047 uni
324 4005 360 4048 ex
381 3989 503 4047 minimis
524 3991 596 4048 meis
612 3988 747 4062 feceritis,
768 3989 838 4048 mihi
851 3989 1008 4064 feceritis«,
1028 3991 1196 4050 nitueritas.

134 4093 263 4152 Ceterum
285 4111 321 4152 ex
341 4093 450 4166 Tiguro
471 4092 563 4152 habeo
584 4094 695 4166 aliquid
715 4096 790 4153 novi.
821 4095 867 4153 iiii
888 4096 1013 4154 clamant
1032 4101 1132 4154 contra
1151 4111 1196 4153 me

65 4196 205 4273 iratissimi,
227 4201 278 4259 sed
299 4215 359 4272 me,
381 4200 508 4273 inquam,
528 4205 639 4272 petunt,
661 4217 723 4258 curn
744 4200 969 4258 illustrissimam
989 4199 1196 4260 Celsitndinem

614 4323 629 4355 *

129 4417 141 4468 1
161 4416 212 4470 Der
230 4417 365 4472 Italillner
383 4416 448 4473 hiess
469 4418 631 4474 Francisons
650 4418 748 4484 Stella,
767 4421 845 4474 sonet
862 4417 1039 4473 unbekannt.
