2862 5080
776 341 836 400 noc
1306 335 1358 392 uc
1416 401 1417 428 Ν

235 509 298 569 fieri
319 510 431 586 posset)
452 512 618 583 aspicerem,
639 517 699 570 tum
721 527 799 577 vero,
821 519 853 570 ut
874 513 942 570 mihi
957 511 1112 585 hospitium
1126 517 1225 585 parem
1246 511 1359 585 dignetur

235 608 333 690 imque
359 595 556 674 lllustrissimc
577 615 725 674 celsitudo
747 615 852 674 Vestra
883 615 980 675 dicere
1008 632 1089 674 suern
1117 617 1299 675 sententiam.
1325 617 1358 673 vel

233 729 370 781 oretenus
391 721 548 780 secretario
569 737 621 780 sno
642 727 693 780 out
714 737 777 780 meo
798 722 910 794 nepoti,
939 729 968 780 et
998 722 1084 780 simul
1116 723 1251 780 mandore
1270 721 1301 779 de
1320 721 1357 776 ho·
1416 759 1417 788 ,

234 825 359 898 spitiolo,
381 840 528 883 occurram
549 824 624 883 enim
645 826 706 882 sine
720 840 806 881 moro.
840 824 1014 883 Commendo
1030 843 1076 884 me
1090 833 1259 884 reverenter
1267 825 1358 882 Vestrae

236 928 439 988 illustrissimae
461 929 577 998 Pietati,
599 929 678 988 Deus
700 946 761 986 cam
784 929 867 988 nobis
887 931 1059 988 incolomem
1082 937 1239 989 conservet.

312 1033 449 1103 Tuhingse
471 1032 523 1089 Vll
545 1032 713 1090 Decembris
737 1035 820 1091 1562.

539 1135 743 1192 illustrissimis
765 1137 952 1194 Celsitudinis
976 1137 1087 1196 Vestrae

996 1243 1121 1300 servitor
1142 1243 1294 1322 Vergerius.

312 1346 412 1418 Spero,
434 1361 479 1402 me
501 1343 607 1402 hebere
637 1345 783 1416 negotium
804 1363 859 1402 non
883 1347 1132 1416 contemnendum,
1157 1347 1229 1419 quod
1249 1347 1279 1400 ed
1298 1345 1356 1401 Pru·

235 1453 344 1510 uenires
364 1449 499 1508 ecclesias
519 1449 547 1506 in
569 1459 668 1508 nostre
688 1449 865 1508 confessione
887 1452 1054 1510 retinendos
1075 1453 1186 1508 attinet.

779 1711 842 1766 168.

540 1815 664 1926 Verger
687 1864 729 1908 en
752 1843 872 1926 herzog
895 1841 1079 1926 Chrisioph.

566 1973 715 2045 Ttlbingen
738 1977 776 2030 24
796 1973 957 2032 December
980 1976 1064 2032 1562.

307 2092 402 2160 Frmgt,
422 2107 505 2146 wunn
525 2109 554 2146 er
572 2091 676 2161 herzog
694 2090 844 2162 christoph
862 2090 996 2161 sprechen
1016 2091 1119 2146 kdnne.

317 2189 513 2248 illustrissime
531 2189 670 2263 Princeps
691 2197 720 2247 et
742 2191 864 2247 Domine
885 2189 1007 2248 Domine
1030 2189 1269 2248 clementissime!

315 2293 475 2352 voluissem
503 2295 636 2353 nutclicio
663 2293 740 2366 opud
768 2293 993 2350 illustrissimam
1021 2293 1226 2351 celsitudinem
1249 2293 1368 2349 Vestram

238 2399 396 2470 celebrere,
419 2398 470 2458 sed
490 2404 549 2456 tom
570 2415 673 2470 magno
692 2397 885 2456 incubuerunt
906 2398 1022 2470 frigore,
1045 2407 1077 2456 ut
1099 2416 1155 2456 non
1177 2397 1275 2455 luerim
1294 2413 1370 2454 susus

237 2517 353 2562 currum
376 2503 507 2576 ingredi,
540 2519 628 2576 quere
657 2502 734 2560 domi
763 2501 896 2573 haereho;
929 2503 980 2562 sed
1010 2504 1132 2561 eandem
1159 2503 1369 2560 Illustrissimum

238 2608 445 2668 Celsitudincm
473 2609 606 2666 Vestram
634 2607 822 2680 supplicatum
849 2607 951 2678 selim,
983 2614 1015 2666 ut
1046 2609 1181 2678 dignetur
1209 2623 1252 2664 me
1277 2606 1371 2664 litteris

237 2710 501 2782 commonefacere,
533 2729 598 2770 num
625 2715 676 2770 sim
696 2711 776 2782 illum
797 2712 973 2784 Stutgurdiae
994 2715 1183 2783 inventurus,
1214 2713 1238 2768 si
1257 2718 1319 2784 post
1337 2709 1372 2765 bi-

238 2819 326 2876 duum
347 2826 398 2876 aut
418 2817 546 2876 triduum
569 2816 676 2890 frigore
697 2817 860 2876 resederint
880 2833 1028 2890 essemque
1049 2833 1229 2886 secessurum
1255 2817 1306 2872 hoc
1325 2829 1370 2882 ego

239 2923 368 2996 supplico
388 2923 513 2995 inquom.
556 2921 630 2980 Puto
659 2923 734 2980 enim
762 2941 806 2981 me
834 2923 939 2980 hahere
967 2940 1021 2980 non
1050 2922 1184 2995 indigno,
1217 2937 1277 2994 que
1303 2934 1370 2976 com·

237 3028 387 3084 munirem.
433 3024 607 3084 Commendo
638 3043 683 3084 me
711 3035 880 3086 reverenter
900 3027 1106 3084 illustrissinnae
1134 3027 1242 3084 Veserm
1267 3022 1372 3088 Pietati,

238 3145 341 3202 precor
362 3129 404 3186 illi
424 3127 499 3188 festu
519 3129 623 3202 felicis,
646 3132 880 3206 Potercoelestis
898 3139 1004 3206 augeat
1019 3149 1085 3190 suos
1100 3131 1211 3188 divinos
1225 3131 1369 3187 thesauros,

239 3234 371 3304 spiritum
392 3220 422 3292 et
443 3233 527 3292 fidem
549 3252 602 3308 per
621 3235 769 3294 'Christum
790 3237 937 3294 dominum
958 3243 1095 3298 nostrum.

316 3337 454 3408 Tubingae
475 3341 513 3396 24
534 3339 703 3399 Decembris
726 3342 809 3398 1562.

538 3443 742 3500 illustrissimae
764 3441 951 3500 Celsitudinis
971 3441 1083 3499 Vestrae

995 3545 1119 3604 servitor
1140 3545 1296 3618 Vergellus.

782 3811 844 3866 169.

650 3939 682 3994 61
710 3938 868 3998 December·
893 3941 975 3994 1662,

299 4058 430 4134 ,11668666
449 4055 613 4127 besoldnng.

317 4165 449 4236 Vergerii
477 4164 648 4236 besolldung
680 4163 751 4220 ulter
782 4164 834 4221 der
865 4165 1035 4236 guistliclren
1065 4165 1232 4234 verucltung
1255 4177 1284 4216 rc
1307 4153 1364 4210 Tu-

238 4270 369 4341 winngen
386 4269 448 4340 jars
468 4284 520 4326 an:

318 4371 395 4428 Gellt
415 4371 467 4428 lIc.
489 4372 606 4442 gulden.
