2830 5072
65 351 126 406 1562
599 359 661 418 337

61 523 158 582 mendo
178 541 224 584 me
246 526 451 586 Illustrissimae
467 524 638 584 Celsitudini
652 526 764 586 Vestra
783 544 923 603 perquam
943 535 1121 591 reverenter.
1142 531 1203 591 Has

58 629 167 686 litteras
187 631 271 690 mitto
292 630 329 689 ad
350 629 481 688 dominos
497 629 858 704 consulesltiodavienses
880 649 915 692 ac
935 649 991 692 nou
1013 641 1056 694 cst
1078 635 1205 707 dubium,

58 734 118 807 quin
142 737 199 794 sint
218 752 271 808 per
290 735 465 809 peculiarem
485 741 516 794 et
530 733 644 793 fidelem
660 737 790 795 nuntium
805 737 928 796 missuri.
960 737 990 796 Si
1005 739 1073 812 quid
1088 739 1204 798 interim

57 837 544 900 111111111111111111110111111111
565 839 688 898 voluerit
709 839 746 898 cd
774 857 819 900 me
848 839 1011 900 litterarum
1039 841 1125 914 dure,
1157 845 1204 904 vel

58 945 153 1003 mittat
179 945 349 1004 Liudaviem
380 943 424 1002 vel
454 948 534 1002 recte
563 941 696 1016 Curiem3
728 960 783 1016 epo
807 945 920 1018 siquid
948 943 1060 1006 habebo
1087 947 1205 1020 dignum

57 1049 220 1122 scriptione,
241 1049 363 1108 scribam
384 1048 542 1121 diligenter
562 1054 592 1106 et
611 1048 772 1122 peculiares
792 1049 903 1108 mittam
921 1051 1046 1110 nuntios.
1074 1051 1128 1110 He
1144 1069 1204 1111 om-

55 1170 101 1212 nes
122 1154 255 1213 ecclesia
276 1160 380 1228 rogant
392 1153 507 1212 assidue
521 1169 573 1226 pro
586 1152 782 1212 illustrissima
799 1153 979 1214 Dclsitudine
992 1155 1105 1228 Vestra,
1127 1155 1205 1230 quod

56 1257 174 1318 affirmo.
207 1259 297 1318 Pater
316 1259 442 1318 coelcstis
463 1265 570 1332 augeat
589 1258 793 1317 illustrissima
815 1257 985 1318 celsitudini
1004 1259 1116 1320 Vestree
1137 1277 1204 1320 suos

56 1364 166 1423 divinos
187 1365 348 1436 thesauros,
369 1364 502 1438 spiritum
523 1367 553 1421 et
573 1362 658 1422 fidem
680 1379 732 1437 per
744 1363 889 1422 Christum
902 1363 1048 1424 dominum
1066 1371 1203 1425 nostrum.

130 1488 240 1546 Datum
262 1486 357 1546 Guriae
378 1487 547 1546 Rhaetorum
567 1489 605 1545 17
627 1487 674 1545 die
694 1487 795 1546 Martii
819 1489 903 1544 1562.

283 1601 489 1661 illustrissimae
510 1601 697 1661 Celsitudiuis
718 1601 831 1662 Vestrae
855 1603 979 1660 servitor

957 1703 1125 1776 Vergerios.

599 1965 661 2022 153.

358 2084 484 2172 Verger
505 2107 548 2150 an
570 2085 689 2171 herzog
712 2084 899 2171 Christoph.

464 2217 544 2277 Ohor
565 2221 582 2278 6
604 2219 686 2291 April
710 2221 794 2278 1562.

123 2333 271 2389 Berichtet
290 2336 428 2390 abermcls
447 2336 515 2392 iiber
528 2336 604 2392 11111
616 2337 696 2403 misc,
717 2339 787 2395 inber
799 2339 844 2394 die
856 2339 1038 2410 austheilung
1050 2340 1101 2395 der
1113 2339 1164 2395 200
1177 2339 1204 2396 11.

55 2432 109 2484 und
126 2432 261 2486 ermchut
279 2432 427 2503 dringend,
446 2450 546 2503 wegen
565 2435 614 2490 der
632 2440 712 2505 ptsse
732 2433 776 2488 ein
795 2431 923 2488 bondniss
942 2433 995 2488 mit
1014 2432 1204 2490 Graubltudeu

54 2545 84 2580 zu
103 2526 259 2583 schliesscu.
297 2527 487 2584 Nachrichteu
507 2547 569 2585 vom
589 2533 673 2600 papst
692 2529 749 2584 und
769 2529 866 2584 concil.

130 2625 330 2684 Illustrissime
351 2625 488 2701 Princeps
509 2633 539 2686 et
561 2627 682 2686 Domine
703 2627 826 2686 Domine
848 2626 1090 2686 clementissime!

131 2729 241 2802 Scripsi
261 2737 328 2790 ante
350 2738 460 2804 septem
480 2732 552 2804 dies,
572 2747 618 2792 me
640 2733 706 2809 (per
719 2733 773 2792 Dei
793 2729 930 2806 gratiam)
946 2730 1062 2791 Curiam
1077 2731 1204 2790 Rhaetia·

53 2851 116 2892 rum
136 2834 299 2906 advenisse,
320 2851 377 2893 non
398 2837 460 2896 sine
480 2853 584 2909 magno
600 2836 729 2909 periculo
745 2835 790 2911 (ut
807 2841 950 2910 sumptum
967 2838 1097 2897 omittam
1116 2843 1204 2910 etque

53 2938 226 3016 laborem)·.
274 2938 344 2997 dum
373 2941 448 2998 enim
476 2939 645 2998 Lindaviam
671 2939 883 3013 pervenissem,
914 2937 1053 2998 monebar
1078 2955 1096 2998 1
1121 2937 1205 2997 bonis

53 3040 192 3103 fratribus
213 3043 440 3103 Glcronensibus
466 3044 589 3116 scilicet,
617 3043 804 3104 curiensibus
829 3049 916 3118 atque
943 3043 1080 3103 Romcnae
1114 3041 1203 3115 urbis,

54 3147 165 3222 Papam
186 3149 257 3206 mihi
278 3149 432 3208 collocasse
452 3147 570 3206 iusidias
590 3148 618 3205 in
642 3147 777 3206 Helvetia
798 3163 886 3221 prope
908 3145 1043 3220 oppidum
1065 3145 1153 3218 Emps
1175 3153 1205 3203 et

53 3253 82 3310 in
104 3254 217 3327 aliquot
237 3254 399 3312 Austriacee
427 3251 545 3310 ditionis
570 3255 675 3324 terris,
707 3267 778 3326 quas
806 3257 901 3311 tamen
927 3265 991 3310 cum
1011 3249 1067 3309 Dei
1094 3251 1203 3309 auxilio

53 3374 238 3430 superassem
258 3365 346 3432 atque
367 3359 531 3431 evasissem,
551 3359 713 3430 praesertim
735 3357 811 3431 apud
832 3359 967 3431 oppidum
986 3353 1089 3429 Emps3
1110 3362 1206 3415 trans·

53 3464 93 3523 ivi
121 3465 198 3522 euim
227 3463 309 3532 inde,
336 3464 389 3524 hoc
417 3471 462 3522 est
488 3481 542 3536 per
573 3464 732 3523 convallem
752 3479 842 3535 prope
863 3462 996 3522 Rhenum
1025 3462 1206 3521 mercatoriis

55 3568 183 3628 vestibus
202 3569 330 3642 indutus,
351 3568 380 3626 11
401 3585 510 3627 summa
531 3569 608 3627 evasi
629 3569 666 3628 cd
688 3569 742 3626 Dei
765 3552 894 3640 g'lcr·iem.
935 3566 998 3624 Hoc
1018 3566 1119 3640 scripsi
1134 3565 1151 3623 ¹.

136 3674 217 3732 Nunc
237 3690 302 3746 quae
323 3671 433 3732 fuerint
453 3679 615 3745 consecuta,
637 3672 768 3732 scribam.
800 3672 915 3731 Domini
937 3671 1077 3743 consules,
1099 3669 1206 3728 domiui

55 3781 180 3838 ministri
202 3785 232 3837 et
251 3779 357 3852 reliqui
378 3779 532 3838 Curieuses
552 3777 658 3838 fratres
684 3793 728 3835 me
757 3783 888 3836 amanter
915 3782 946 3834 ct
973 3775 1129 3835 christiane
1156 3790 1206 3834 ex-

55 3881 222 3956 ceperuutb,
244 3886 293 3958 qui
314 3899 413 3942 omnes
433 3881 564 3956 prolecto
585 3887 682 3940 amant
702 3887 789 3954 atque
809 3880 964 3938 observant
983 3879 1117 3950 Vestrum
1136 3879 1207 3936 Illu-

54 3989 226 4050 strissimam
246 3988 455 4049 celsitudinem
480 3993 621 4061 orantque
647 4003 699 4061 pro
728 4001 763 4044 ea
784 3985 949 4058 diligenter.
989 3983 1098 4057 Accepi
1119 3984 1206 4042 etiam

54 4092 225 4153 1111111111
246 4093 377 4154 omnibus
395 4089 457 4152 fere
476 4089 535 4148 illis
557 4089 699 4162 evangelii
720 4089 859 4147 ministris
876 4087 993 4159 italicis,
1016 4088 1044 4143 in
1066 4101 1137 4157 quos
1150 4082 1207 4143 1111

627 4213 642 4247 alr

133 4308 191 4363 is.
213 4327 240 4364 u.
262 4310 321 4364 152.

115 4409 204 4466 Vereor
960 4397 996 4452 22
