2910 5080
77 359 135 415 1553
605 369 645 428 49

71 515 173 607 pacifica
191 533 269 608 regni
289 535 469 607 possessione
489 535 528 596 ad
546 535 662 596 laudem
683 542 713 596 et
729 536 851 617 gloriam
869 539 932 612 eius
943 539 1105 611 pertesum
1117 539 1199 600 chri·

72 643 135 698 stom
160 637 184 696 d.
204 643 340 698 nostrum.
379 637 465 712 Fiat,
487 640 547 701 fiat.
589 640 766 702 Commendo
793 659 837 702 nne
867 659 902 703 ex
924 643 1018 704 animo
1039 644 1074 703 V.
1096 645 1198 704 Excel-

70 741 162 800 lentia.
201 741 340 818 Tubingae
360 744 408 804 die
429 747 468 840 24
488 745 569 806 Junii
592 747 676 807 1553.

892 855 1120 918 VERGERIUS.

118 965 328 1039 'illustrissimo
350 977 480 1054 Principi
502 986 532 1039 ct
553 981 676 1041 Domino
696 982 819 1042 Domino
831 983 1122 1060 ChristophoroDuci
1135 989 1210 1048 Vim.

73 1082 215 1156 tombergae
237 1089 293 1143 ctc.
336 1085 460 1145 Domino
480 1101 544 1144 meo
565 1087 783 1160 gratiosissimo.

92 1215 97 1222 -
128 1175 234 1246 'Hinteu
256 1189 306 1247 die
326 1187 512 1263 Bemerknng
533 1205 588 1248 uon
610 1189 661 1250 des
682 1191 803 1262 berzogs
824 1192 916 1252 hand:
946 1192 1061 1253 bedarli
1078 1195 1201 1256 hbainer

69 1295 217 1352 anutuortt.

614 1613 750 1668 2,.

352 1736 479 1824 Ver-ger
501 1759 544 1802 au
567 1737 685 1823 herzog
709 1737 893 1823 Christoph.

427 1868 577 1942 Ttibingen
598 1865 636 1928 27
656 1869 715 1928 Juii
740 1871 824 1930 1553.

121 1969 224 2040 Verger
236 1967 382 2028 berichem
399 1974 470 2030 iiber
488 1974 564 2029 seina
583 1974 814 2045 ouersenungen,
834 1973 920 2030 bittet
938 1993 985 2028 um
1004 1975 1085 2030 einen
1099 1993 1198 2046 wagan

63 2063 108 2116 uod
125 2064 201 2120 einen
217 2066 362 2138 begleiter
379 2083 411 2122 eu
430 2067 521 2123 aeiner
539 2068 608 2124 raiae
627 2068 700 2124 uach
720 2068 926 2134 Graubbnden;
946 2071 1131 2126 nachrichten
1151 2091 1201 2128 auo

63 2157 149 2214 italien
167 2163 225 2218 und
244 2163 366 2220 Siciliam
385 2164 456 2220 iiber
474 2164 556 2220 einen
575 2164 674 2221 einfall
693 2165 742 2220 der
760 2165 886 2232 omnem
908 2167 977 2222 iiber
995 2167 1041 2223 die
1060 2167 1200 2238 berniuug

62 2271 104 2310 uon
122 2257 272 2328 Dumoulin
292 2260 353 2314 und
372 2259 507 2322 Vulmars
520 2261 789 2334 gasifreundschafl.

125 2352 324 2417 illustrissime
345 2357 493 2434 Princeps,
516 2366 546 2421 et
565 2361 688 2436 Domine
710 2362 832 2430 Domine
852 2361 1075 2435 gratiosissime!

125 2461 224 2525 Gloria
244 2463 362 2524 coelesti
373 2463 454 2523 Patri
468 2479 521 2538 per
532 2463 630 2524 Jesum
641 2462 786 2550 Christum
802 2481 865 2523 cum
878 2463 988 2538 Spiritu
997 2465 1111 2526 Sancto.
1142 2467 1200 2527 nb-

61 2564 119 2624 solri
134 2570 209 2628 enim
229 2569 361 2638 libellos,
383 2571 491 2642 etjam
511 2560 662 2642 iinpositos
677 2570 775 2628 currui
795 2570 923 2644 praemisi
932 2569 1113 2645 Lindavinm,
1135 2579 1202 2630 sarit

61 2669 144 2732 decem
167 2677 307 2750 vascula,
336 2673 407 2734 lolia
434 2675 766 2748 reroultraXXX1m3
794 2691 829 2734 aa
856 2691 911 2734 non
939 2675 1024 2734 modo
1045 2674 1201 2735 confessio-

60 2790 111 2834 nem
131 2785 159 2839 ct
180 2787 355 2856 syntagma,
377 2780 428 2840 sod
448 2781 559 2840 initium
582 2781 747 2841 catechismi
768 2779 843 2845 uerti
865 2785 895 2839 ct
916 2783 1014 2840 curavi
1034 2781 1199 2856 imprimen-

59 2881 125 2958 dum,
145 2892 175 2946 et
193 2887 252 2947 hoc
272 2892 415 2946 automno
444 2887 557 2962 reliqua
584 2891 702 2947 vertam.
743 2886 836 2960 Spero
864 2883 945 2958 fore,
976 2891 1008 2942 ut
1033 2891 1101 2945 ante
1127 2886 1200 2946 duos

57 3004 154 3051 menses
174 3009 296 3066 possem
318 3007 450 3066 magnam
471 2992 573 3051 horum
593 2997 705 3064 partem
725 3008 778 3066 per
791 2991 904 3051 ltaliam
925 2997 955 3049 et
975 2991 1097 3050 ulterius
1118 3007 1198 3065 spar-

57 3106 122 3164 gere,
142 3111 208 3154 nom
229 3097 317 3155 soleo
338 3093 375 3152 ad
397 3093 510 3154 domum
530 3111 621 3169 usque
642 3093 764 3154 fratrum
779 3095 977 3154 etamicorum
992 3098 1107 3155 mittere
1121 3095 1197 3154 douo

57 3201 79 3254 et
96 3199 200 3259 addere
222 3201 320 3260 etiam
341 3204 552 3275 compactorum
572 3199 609 3258 de
629 3215 703 3272 mco,
724 3205 811 3272 atque
832 3197 886 3258 hac
906 3201 1018 3259 ratione
1039 3197 1124 3260 lacile
1137 3215 1202 3273 pos-

56 3315 106 3358 sum
125 3305 208 3376 plura
229 3305 420 3376 distrahere,
451 3320 536 3378 quani
562 3305 661 3364 decem
689 3303 872 3378 bibliopola,
904 3303 1000 3362 omnia
1021 3304 1059 3362 ad
1079 3304 1201 3378 gloriam

55 3404 108 3466 Dei.
145 3411 210 3486 Ego
232 3413 285 3470 hic
305 3409 447 3484 Tubingae
468 3409 600 3470 omnibus
620 3407 847 3486 professoribus,
870 3408 1002 3482 parochis
1022 3416 1053 3468 et
1073 3411 1201 3468 diaconis

57 3509 147 3572 donari
166 3515 263 3600 latina
283 3515 348 3589 illa,
369 3533 433 3590 quae
452 3517 601 3589 pertinent
622 3516 659 3575 ad
679 3515 824 3576 oonoilia¹
853 3520 883 3574 et
907 3515 942 3573 ad
964 3515 1131 3586 juramenta
1150 3533 1201 3588 pa·

56 3634 143 3688 parom
164 3630 195 3681 et
215 3625 443 3696 episcoporum,
473 3629 560 3694 atque
581 3624 623 3682 ita
642 3623 773 3681 revelata
800 3628 866 3679 sunt
893 3637 970 3680 nunc
999 3619 1129 3678 omnibus
1157 3637 1201 3694 ea,

56 3739 109 3795 quae
135 3729 224 3802 paulo
246 3733 322 3789 ante
354 3727 402 3786 uix
429 3744 501 3788 uuus
528 3733 578 3806 aut
599 3727 675 3788 alter
695 3732 818 3788 noverat
838 3727 866 3784 in
889 3733 951 3786 tota
971 3725 1148 3798 Germaniap
1173 3728 1203 3784 in

55 3843 152 3892 summa
165 3829 488 3907 possumus-affirmare
509 3838 603 3892 actum
625 3848 687 3892 esse
710 3831 745 3892 de
763 3831 893 3891 omnibus
910 3833 1026 3904 synodis
1040 3831 1202 3906 papisticis3

622 3971 637 4003 111

116 4063 128 4115 1
155 4062 318 4119 Vielleichb
344 4060 420 4116 scine
445 4059 544 4118 schrift
567 4061 650 4116 Bulla
669 4059 737 4114 lolii
757 4060 797 4114 lll
825 4077 887 4114 curn
912 4057 1142 4114 commentariolo
1163 4058 1195 4111 D.

56 4144 123 4204 Vidae
145 4153 340 4222 (pseudonym
365 4149 409 4204 fiir
428 4149 546 4219 Varger)
566 4151 648 4214 1551,
677 4149 722 4203 dia
743 4149 811 4205 1553
835 4147 865 4200 in
884 4144 1033 4216 Tiibingen
1061 4161 1114 4205 ueu
1143 4144 1202 4198 auf-

55 4234 142 4308 polege
159 4239 268 4304 wurde,
288 4256 311 4292 s.
324 4237 475 4308 Serapeum
495 4239 536 4292 19.
550 4255 571 4291 s.
585 4239 627 4292 75.
639 4255 666 4291 n.
677 4238 711 4292 35
720 4257 726 4301 ;
746 4233 987 4305 mbgliaherweisc
1005 4233 1112 4286 kanuto
1130 4231 1202 4286 auch

55 4321 93 4379 die
109 4325 239 4384 abendas.
261 4347 290 4382 n.
312 4325 348 4380 40
367 4327 510 4398 genannbe
529 4324 684 4380 Concilium
703 4322 869 4394 fugiendum
888 4337 947 4375 esse
966 4319 1090 4391 gemeint
1108 4317 1176 4372 sein.

99 4438 190 4494 vergsn
516 4501 518 4505 Ι
839 4451 842 4458 “
977 4418 994 4470 4
