2830 5072
750 357 812 422 282
1288 349 1339 405 1511
1409 409 1410 420 .

214 545 271 606 que
291 547 354 588 cum
374 545 439 588 meo
460 532 567 602 nepote
588 527 727 600 discedet,
749 534 794 589 est
814 530 841 588 d.
857 529 999 589 Melchior
1018 527 1176 600 Gedrosia,
1199 526 1250 600 qui
1270 525 1343 584 disce·

211 635 282 694 dens
302 651 334 694 se
355 635 559 694 Illustrissimae
583 633 756 693 Celsitudini
781 635 890 694 Vestrae
918 635 1066 694 humiliter
1086 631 1269 691 commendat
1286 633 1342 703 egit·

210 755 265 814 que
286 741 394 812 gratias
414 757 467 813 pro
488 731 642 800 clementia
662 741 715 799 sibi
738 741 878 815 praestita.

290 845 426 904 Dixerum
447 846 651 906 Illustrissimoe
673 845 843 906 Celsitudini
865 847 985 913 Vestrae,
1007 845 1084 918 quod
1105 843 1224 918 quidam
1243 841 1343 902 fanatici

211 949 390 1010 suscitabant
410 952 514 1010 iterum
546 952 695 1012 materiam
723 951 759 1010 de
780 951 921 1012 trinitate.
962 951 1046 1008 Nunc
1075 949 1112 1007 ad
1142 965 1188 1008 me
1216 949 1343 1020 scribitur,

211 1053 354 1126 prodiisse
374 1055 403 1112 in
429 1070 464 1113 eo
492 1055 616 1114 articulo
642 1055 791 1126 libellum,
823 1055 875 1114 snb
903 1055 1017 1112 nomine
1044 1055 1193 1128 cujusdam
1214 1053 1344 1112 Valentini

212 1159 336 1216 Gentilis
358 1159 440 1234 (puto
462 1175 525 1218 esse
546 1158 642 1220 fictum
663 1158 791 1236 nomen),
812 1160 840 1218 in
862 1177 919 1233 qno
939 1159 1039 1218 libello
1060 1160 1226 1232 exagitatur
1247 1159 1343 1218 Gribal·

213 1261 283 1321 dus¹
304 1264 485 1336 nomirmtim3
506 1263 621 1336 scripsit
641 1270 741 1324 contra
762 1281 827 1324 cum
844 1263 989 1336 Calvinus,
1010 1281 1081 1338 quos
1100 1264 1215 1322 libellos
1236 1263 1345 1321 nondun

212 1367 324 1436 hebeo,
355 1385 409 1426 nec
436 1385 609 1444 magnopere
636 1386 704 1428 curo
730 1372 839 1428 versari
858 1371 888 1428 iu
910 1370 973 1430 istis
995 1371 1123 1428 materiis
1143 1376 1173 1429 et
1193 1369 1345 1426 haeresibus.

213 1469 377 1531 Generosos
399 1473 426 1532 d.
447 1474 576 1534 loannes
595 1472 743 1546 Ungnad'
762 1474 880 1536 tandem
902 1474 1052 1534 constituit
1072 1491 1124 1546 pro
1145 1481 1242 1541 certo,
1265 1472 1346 1548 (racil-

212 1575 292 1636 labat
313 1579 387 1634 enim
409 1578 502 1656 prius)
530 1579 606 1654 quod
635 1581 709 1638 nolit
728 1596 803 1638 nunc
823 1580 851 1638 d.
873 1579 1007 1638 Oarolnm
1028 1578 1118 1638 filium
1139 1580 1203 1652 ejus
1225 1580 1255 1636 in
1274 1578 1346 1636 Prus-

213 1681 284 1738 siam
305 1681 450 1754 ablegare.
483 1685 579 1757 Quare
593 1700 673 1743 mens
685 1701 773 1758 nepos
787 1684 952 1744 Ludovicus
965 1683 1080 1742 tandem
1101 1684 1254 1743 coustituit
1272 1682 1347 1752 abire,

211 1787 330 1860 jamque
353 1788 422 1847 nihil
443 1789 521 1848 uliud
543 1795 707 1863 exspectat,
735 1791 791 1853 nisi
811 1796 843 1848 nt
864 1791 1076 1856 convalescam,
1108 1794 1138 1846 et
1161 1789 1293 1854 litteras,
1320 1786 1347 1843 de

213 1887 316 1965 quibus
337 1909 411 1950 rruuc
432 1894 568 1966 scribam3
589 1902 676 1952 recta¹
692 1895 766 1953 enim
786 1895 840 1954 ibit
860 1893 926 1954 binc
945 1895 1173 1968 Nouembergam
1185 1893 1204 1951 ⁸.

291 1996 489 2072 Supplicamus
508 2002 617 2073 itaque.
638 2006 670 2058 ut
691 2000 838 2060 Celsitudo
861 2000 963 2058 Vestro
981 1999 1024 2058 illi
1047 1999 1183 2070 dignetur
1204 1996 1346 2054 concedere

212 2101 278 2173 ejus
299 2104 460 2173 argumenti
482 2102 605 2174 litteras,
626 2105 709 2176 cnjus
730 2109 774 2162 est
794 2104 934 2162 inclusum
955 2103 1125 2176 exemplum.
1157 2102 1233 2160 Rem
1246 2119 1347 2176 parram

212 2206 346 2278 petimus,
367 2207 419 2264 sed
439 2213 472 2266 ut
492 2207 701 2268 illustrissimus
722 2208 849 2269 Prussiae
870 2209 928 2268 dux
948 2179 1060 2279 videat,
1089 2223 1140 2266 nos
1161 2221 1267 2266 revers
1286 2215 1347 2269 totos

212 2309 248 2366 ab
268 2308 464 2368 illustrissima
485 2311 661 2372 Celsitudiae
683 2313 788 2372 Vestra
809 2313 948 2386 pendere.
983 2313 1074 2372 Plura
1094 2329 1150 2370 non
1172 2313 1276 2379 habeo,
1296 2326 1347 2385 que

213 2429 289 2472 nurrc
309 2415 440 2479 scribam.
483 2415 658 2474 Commendo
681 2434 725 2474 me
746 2422 917 2478 reverenter
937 2419 1031 2476 eidem
1052 2417 1259 2476 Illustrissimae
1273 2413 1349 2476 ceni·

213 2516 308 2576 tudini
336 2517 457 2579 Vestrae.
499 2519 588 2580 Pater
617 2521 744 2581 coelestis
770 2527 875 2592 augeat
902 2523 946 2582 illi
972 2539 1039 2580 suos
1063 2522 1176 2580 divinos
1201 2521 1350 2584 thesauros,

212 2623 344 2695 spiritum
365 2631 396 2682 et
416 2623 501 2682 fidem
521 2641 574 2698 per
596 2624 740 2683 Christum
761 2627 906 2686 dominum
927 2635 1066 2685 nostrum.

293 2725 432 2801 Tubingae
453 2726 539 2785 XXII
560 2725 684 2800 Augusti
708 2730 792 2786 1561.

443 2831 647 2892 illustrissime
669 2831 856 2892 celsitudinis
877 2833 989 2892 Vestrae
1010 2835 1134 2894 servitor

780 3015 795 3048 *
1115 2937 1285 3012 Vergerius.

306 3111 318 3163 l
346 3109 372 3164 S.
397 3127 424 3163 11.
450 3110 492 3164 38.
528 3109 579 3163 Die
606 3108 706 3163 schrift
732 3109 871 3164 Gentiles:
909 3109 1052 3165 Valentini
1080 3109 1201 3164 Gentilis
1229 3109 1352 3168 confessio

214 3196 391 3264 evangelica,
411 3196 561 3268 theologiae
580 3197 738 3266 protheses,
767 3194 821 3266 piae
839 3213 872 3250 ac
893 3197 981 3252 doctae
1000 3198 1030 3251 in
1049 3199 1137 3267 symb.
1158 3199 1294 3252 Athenas.
1314 3196 1353 3251 ad-

213 3283 380 3338 notationes.
408 3285 544 3354 Dagegen
564 3283 673 3339 schrieb
693 3284 807 3339 Calvio:
827 3283 961 3354 Impietas
980 3285 1126 3340 Valentini
1146 3285 1268 3341 Gentilis
1286 3283 1353 3340 breui

212 3369 317 3440 scripto
336 3371 463 3436 detecta,
484 3373 531 3441 qui
551 3372 691 3428 Christum
710 3389 765 3426 non
784 3371 844 3426 sine
863 3371 1002 3443 sacrilega
1021 3373 1197 3442 blasphemia
1216 3375 1303 3429 Deum
1321 3389 1354 3426 es-

216 3459 448 3544 sentiatum-esse
468 3460 551 3530 fingit
571 3461 647 3516 1561.
674 3459 810 3520 Valentia
828 3460 941 3514 Gentile
965 3478 1024 3515 war
1048 3461 1182 3532 librigens
1201 3463 1265 3518 kein
1283 3478 1354 3533 pseu·

215 3547 332 3616 donym3
358 3547 480 3616 geboreu
506 3548 536 3600 in
563 3548 684 3602 Cosenna
708 3547 738 3600 in
757 3547 882 3616 Noepel,
908 3547 954 3602 ein
979 3549 1133 3620 unruhiger
1157 3549 1234 3622 geist
1251 3568 1308 3604 war
1330 3564 1354 3602 cr

213 3634 299 3688 echon
322 3635 389 3689 1558
408 3653 503 3706 wegen
523 3635 630 3706 einiger
649 3635 731 3690 115151
749 3634 933 3703 tuterungen
945 3636 1015 3689 iiber
1027 3636 1072 3691 die
1085 3637 1285 3708 dreieiniglreit
1300 3653 1351 3690 uum

213 3722 263 3776 tod
282 3723 600 3787 veru1·theiltworden;
619 3722 664 3778 die
683 3722 769 3776 strafe
789 3723 884 3776 warde
903 3723 972 3776 aber
988 3723 1018 3775 iu
1038 3723 1100 3778 eine
1118 3726 1223 3780 audere
1239 3741 1353 3780 vermun-

215 3809 291 3874 dett,
320 3827 348 3864 es
373 3811 478 3882 gelang
500 3811 559 3864 ihm
586 3810 659 3864 nach
678 3809 752 3864 Geni
774 3829 806 3863 zu
831 3809 997 3874 eutfliehen3
1021 3810 1106 3882 lange
1123 3811 1179 3864 neit
1197 3813 1264 3868 irrte
1283 3810 1351 3867 erin

215 3895 408 3954 Deutschland
426 3899 484 3953 und
497 3898 583 3954 Polou
602 3898 707 3962 umber,
728 3897 835 3953 liberali
850 3897 891 3952 als
910 3896 1128 3953 antitrinitarier
1140 3900 1271 3970 verfolgt,
1293 3896 1351 3952 1566

216 3985 311 4040 wurde
330 4002 359 4040 er
376 3986 406 4040 in
426 3987 499 4040 Bern
517 3985 671 4050 verhuftet,
698 4005 760 4038 zum
773 3985 896 4062 ¹aweiten
915 3984 974 4039 Mul
993 3986 1162 4040 verurtheilt
1187 3989 1243 4041 und
1260 3987 1351 4053 tinge

213 4071 318 4127 richtet
338 4076 370 4128 16
391 4075 555 4145 September
575 4075 650 4128 1567.
688 4074 714 4128 S.
733 4074 773 4127 br.
792 4091 818 4126 n.
841 4075 898 4126 171.
936 4073 1081 4136 Trechsel,
1110 4074 1155 4128 die
1181 4069 1350 4144 protestanti-

214 4160 299 4215 schen
319 4161 538 4238 antitrinitarier
558 4162 591 4225 ΙΙ,
613 4160 828 4217 3161133411.
927 4169 929 4172 '
1264 4202 1267 4207 .

286 4248 602 4304 ascabrunno.

285 4338 302 4390 3
320 4337 380 4390 Den
399 4335 479 4400 brief,
499 4336 623 4392 welcheu
636 4337 743 4408 Verger
760 4335 865 4390 seiuem
885 4335 976 4391 neffeu
995 4353 1031 4390 au
1044 4337 1099 4392 den
1110 4336 1212 4408 herzog
1223 4329 1348 4393 Albreoht

214 4423 325 4494 mitgab
345 4441 409 4478 vom
428 4425 462 4478 25
480 4423 589 4495 August
608 4425 683 4489 1561,
702 4442 723 4478 s.
742 4423 803 4478 Sixt
821 4442 842 4478 s,
861 4425 913 4479 512
930 4423 959 4478 ff.
989 4441 1009 4477 s.
1029 4441 1056 4476 u.
1075 4425 1133 4478 123.
