2852 5076
57 371 111 426 1556

53 546 147 612 nanis..
163 545 266 619 quibus
288 546 422 606 manibus
442 545 621 621 pedibusque
642 544 773 606 laboravi
793 561 846 619 pro
868 543 1021 604 concordia
1042 545 1126 618 liujus
1147 561 1192 605 oc-

54 648 137 706 olesiae
159 666 223 708 cum
239 651 346 710 nostris
363 649 683 724 eeclesiisllermauim3
704 655 774 708 ante
795 651 891 709 omnia
911 647 1057 710 liberrima
1077 649 1191 710 loeutus

51 769 102 812 cun
121 753 317 814 illustrissimo
337 756 390 816 hoo
415 757 546 830 principe
577 773 610 814 ac
641 755 715 828 dixi,
748 754 855 814 debere
884 771 963 814 suam
985 753 1185 814 celsitudinem

53 860 168 933 abjicere
189 860 262 919 illud
284 861 387 934 dogma
408 861 608 922 Osiaudrlcum
623 861 646 934 ¹,
679 862 755 936 quod
785 866 895 920 tantam
924 860 1114 918 vastationem
1141 873 1190 932 pe·

53 966 115 1038 uerit
135 967 168 1024 in
188 966 242 1025 luae
263 967 386 1026 ecclesia
406 974 493 1042 atque
515 967 620 1040 schola,
642 983 706 1042 ques
728 968 843 1026 omniuo
865 965 996 1026 desolata
1017 970 1076 1037 est;
1105 964 1189 1039 quale

56 1085 210 1142 responsum
224 1073 348 1144 tulerim,
371 1088 435 1146 quae
457 1072 493 1130 sit
514 1087 579 1148 spes
600 1071 759 1132 sarciendae
780 1070 949 1139 concordie,
965 1085 1022 1128 non
1039 1049 1083 1128 est
1097 1075 1190 1129 lutum

55 1173 146 1233 litteris
168 1175 357 1246 committere,
379 1192 468 1250 quare
492 1193 609 1236 reservo
630 1193 686 1247 une,
707 1181 740 1234 ut
760 1193 855 1234 coram
876 1190 1000 1234 narrem.
1042 1173 1104 1233 Stat
1126 1190 1190 1233 seu-

54 1277 134 1336 tentia
155 1277 192 1336 de
214 1278 362 1338 redeundo
384 1295 481 1338 meuse
502 1279 668 1350 Nouembri,
690 1279 808 1338 Octobri
829 1277 978 1338 conficiam
1001 1281 1065 1350 ilor,
1087 1277 1110 1337 si
1132 1279 1190 1338 Do·

53 1383 135 1440 minus
155 1383 289 1442 voluerit.

39 1558 45 1570 Ι
123 1487 209 1556 Puto,
231 1489 364 1546 Vestram
377 1489 582 1548 Oelsiludiuom
597 1489 724 1547 audiisse
741 1505 842 1548 nomeu
859 1488 1045 1547 illustrissimi
1061 1489 1140 1548 ducis
1161 1490 1189 1548 in

54 1593 132 1664 lilios,
153 1592 274 1666 palatini
296 1591 478 1663 Vilneusis'‚
504 1609 621 1654 surnmae
642 1593 806 1652 autoritatis
834 1595 863 1651 in
891 1609 981 1666 reguo
1002 1593 1131 1654 Poloniae
1156 1609 1190 1652 ac

54 1699 189 1770 praecipue
210 1703 275 1770 post
297 1713 409 1770 regem,
444 1701 469 1756 is
490 1697 653 1756 aridissime
675 1698 841 1770 complexus
872 1705 915 1756 est
936 1699 1129 1772 euangelium,
1160 1702 1191 1756 et

54 1804 159 1876 quidem
179 1805 273 1876 palam
294 1805 401 1863 sciente
423 1821 502 1878 rege,
524 1821 556 1863 uc
577 1810 734 1878 promovet,
757 1810 895 1877 quantum
915 1809 1022 1877 potest;
1051 1803 1127 1862 misit
1153 1801 1190 1860 ad

59 1925 96 1967 ure
116 1925 207 1983 nuper
227 1909 400 1982 peculiarem
423 1926 438 1966 e
460 1908 544 1968 luna
565 1911 694 1968 nuntium
717 1914 863 1981 rogatum,
885 1913 916 1966 ut
936 1907 973 1966 ad
994 1923 1024 1965 sc
1046 1905 1189 1986 accedam,

57 2011 125 2084 quod
145 2011 214 2070 uelit
235 2011 365 2084 quaedam
389 2009 521 2070 corniculo
543 2029 594 2084 pro
620 2013 694 2070 borlo
723 2012 927 2086 ecclesiarum3
958 2012 1101 2084 promittit
1121 2026 1190 2068 vero

56 2119 230 2176 securitatem
263 2118 349 2176 etlam
379 2119 535 2178 autoritate
565 2119 654 2193 regia.
704 2119 798 2190 Quare
829 2120 872 2177 ire
904 2118 1039 2176 constitui
1066 2114 1189 2186 omnino,

55 2222 158 2294 truendo
178 2223 288 2282 scilicet
309 2223 365 2280 erit
386 2221 454 2280 nini
475 2221 541 2280 hiuc
561 2221 733 2296 abeundum,
756 2229 788 2282 ut
809 2239 861 2296 per
882 2225 1019 2281 minorem
1040 2220 1188 2279 Poloniam

54 2327 176 2400 redeam,
209 2344 295 2400 quum
317 2345 369 2400 per·
389 2329 528 2401 majorem
548 2329 695 2398 venerim,
727 2345 781 2384 non
815 2327 933 2398 dubita,
965 2328 1033 2400 quin
1055 2325 1124 2384 velit
1144 2339 1189 2382 nne

55 2438 113 2490 unte
130 2448 228 2506 regern
242 2438 273 2490 et
289 2431 415 2504 reginaro
428 2432 578 2491 collocare.
599 2431 655 2490 Sed
671 2432 731 2489 haec
741 2431 818 2503 allud
828 2433 959 2490 Vestram
973 2430 1189 2490 celsitudinem.

55 2535 134 2594 Valeo
152 2536 281 2609 pulchre,
303 2535 411 2606 laboro,
433 2551 556 2596 exerceo
572 2537 617 2595 hic
633 2553 746 2610 quoquo
764 2537 965 2610 typographos,
988 2551 1057 2607 paro
1072 2531 1189 2607 aliquid,

57 2641 121 2711 quod
139 2643 227 2713 regina
248 2643 393 2714 majestati
410 2641 538 2702 offeram.
567 2642 679 2702 Bellum
694 2661 757 2702 cunr
774 2641 1013 2702 livoniensibum
1030 2639 1192 2699 extrahitur

57 2749 127 2802 extro
153 2745 308 2804 instantem
336 2745 472 2814 hicmem3
501 2744 596 2804 forsan
618 2747 731 2804 inlcrea
752 2747 832 2806 Deus
854 2746 989 2806 ostendet
1010 2748 1082 2804 uiam
1103 2745 1190 2817 urceis,

59 2857 83 2906 et
100 2857 161 2909 suut
182 2851 298 2926 quidem
319 2844 522 2922 tractationem
552 2850 670 2911 luserunt
691 2855 766 2910 eniru
788 2853 834 2910 luio
853 2852 943 2924 legati
965 2851 1067 2908 ducum
1089 2849 1191 2907 Pome-

58 2957 132 3014 rauiae
158 2963 218 3015 tres
244 2956 297 3013 viri
326 2964 405 3016 certe
436 2958 593 3031 prudentes
622 2976 656 3016 ac
682 2949 803 3030 profecti
833 2963 900 3016 sunt
930 2957 967 3015 ad
995 2957 1191 3014 Livouienses

59 3057 106 3115 Oro
133 3035 276 3118 aelernum
304 3067 414 3130 patrem
444 3061 551 3118 domiui
578 3063 669 3119 nostri
689 3063 759 3120 Jesu
781 3061 904 3126 (iluisti,
933 3067 965 3118 ut
985 3060 1192 3120 celsitudinem

60 3161 175 3222 lleslram
197 3163 273 3223 curu'
287 3168 349 3222 tota
376 3163 484 3223 familia
505 3171 535 3224 et
557 3171 619 3224 toto
640 3181 729 3238 reguo
751 3173 848 3226 seruet
877 3167 927 3226 diu
956 3165 1127 3224 incolumem
1153 3163 1192 3224 ud

60 3263 159 3326 laudern
179 3269 252 3340 ejus.

125 3398 305 3472 Reglomonti
327 3399 510 3473 ardagasti
534 3401 618 3457 1556.

823 3503 928 3564 Servus
949 3503 1113 3577 Vergellus.

597 3757 643 3813 48.

257 3968 258 3971 ¹
341 3888 467 3971 Verger
491 3909 532 3950 an
558 3885 679 3970 herzog
704 3885 914 3980 Christoph..

371 4019 552 4091 Kdnigsberg
576 4021 611 4074 14
633 4018 758 4077 October
781 4021 864 4076 1556.

614 4160 629 4193 il‘

127 4251 180 4306 ls.
197 4271 222 4309 u.
241 4256 283 4320 45,
302 4271 375 4310 anm.

127 4338 277 4396 teodaldi
301 4361 321 4396 s.
340 4360 366 4396 n.
386 4343 428 4396 46.

127 4410 228 4482 ellum
246 4428 341 4484 diesen
361 4428 479 4501 kriegs.
500 4431 540 4484 br.
560 4433 601 4485 45.
