2862 5080
779 371 841 432 348
1321 359 1380 414 1562

235 549 342 618 quauta
362 559 438 602 nuno
459 548 519 614 est;
543 558 632 616 spuere
654 540 770 601 dubium
792 547 852 612 est,
882 555 918 597 an
938 537 1016 597 idem
1037 536 1064 596 d.
1086 536 1245 610 Ooguetius
1273 535 1380 609 legatus

233 648 271 705 sit
291 644 428 717 facturus,
452 645 527 719 quad
549 645 673 718 scripsit,
696 644 733 702 ob
754 659 828 702 nova
848 642 967 714 seilicet,
988 658 1052 714 quae
1072 645 1314 714 superuenerunt,
1334 641 1379 698 irn-

233 750 409 824 pedimenta.

312 852 430 910 Interea
457 865 526 909 vero
552 851 635 908 mnlti
664 867 699 908 ex
730 849 966 922 prudentioribus
997 849 1121 908 dominis
1147 849 1258 909 Rhaetis
1288 851 1380 908 amieis

234 957 321 1028 meis,
350 972 413 1014 eum
435 955 537 1029 quibus
558 952 741 1014 familiariter
762 971 877 1026 versor,
898 972 955 1014 non
977 955 1102 1015 libenter
1122 956 1237 1028 vident,
1257 956 1381 1015 redinte-

233 1061 395 1136 grationem
417 1058 535 1118 ioederis
556 1075 619 1117 eum
641 1074 710 1131 rege
733 1057 892 1117 Galliarum
911 1038 1021 1116 tamdiu
1043 1059 1165 1132 differri,
1197 1065 1227 1118 et
1257 1060 1381 1133 quamvis

236 1167 360 1238 videant,
382 1167 454 1225 illud
475 1182 596 1239 reguum
617 1181 693 1223 nune
713 1181 777 1223 esse
797 1165 828 1222 iu
849 1165 983 1235 tumultu,
1005 1171 1035 1223 et
1049 1165 1177 1238 quemvis
1190 1164 1293 1234 seiani,
1314 1170 1380 1242 tern-

234 1288 287 1345 pus
307 1271 411 1344 prioris
432 1268 551 1329 ioederis
571 1271 697 1330 nandum
713 1273 896 1344 exspirasse,
918 1277 1015 1331 tamen
1036 1278 1185 1346 optarent,
1213 1272 1320 1330 iterum
1339 1287 1381 1328 re·

235 1377 431 1448 dintegratum
453 1391 516 1434 esse
536 1373 641 1450 ioedus,
662 1378 720 1436 imo
741 1384 842 1450 aperte
864 1377 972 1450 dieunt,
994 1378 1071 1452 quod
1084 1381 1248 1434 metuerent
1267 1375 1381 1450 aliquod

235 1481 454 1553 incommodum,
475 1498 512 1540 ne
534 1480 645 1540 seilicet
665 1479 747 1554 Papa
768 1480 814 1540 vel
834 1479 985 1554 Philippus
1007 1497 1082 1538 nune
1103 1479 1283 1549 obtinerent,
1312 1478 1380 1552 quod

236 1587 365 1658 vellent,
398 1586 421 1644 si
441 1602 503 1646 rem
523 1592 688 1658 tentarent,
716 1574 875 1659 praesertim
905 1602 969 1643 eum
989 1603 1041 1645 rex
1062 1585 1211 1644 Gallorum
1232 1583 1323 1641 multa
1341 1583 1381 1641 hie

237 1690 344 1750 debeat
364 1692 477 1764 privato
499 1691 664 1765 etpubliee
686 1696 717 1750 et
737 1691 808 1750 nihil
829 1691 934 1760 solvat,
957 1700 987 1750 et
1007 1691 1167 1764 prasertim
1188 1706 1253 1749 eum
1273 1688 1381 1747 rediens

238 1796 404 1869 nuperrime
426 1813 461 1854 ex
477 1797 563 1855 Italia
576 1798 717 1870 quispiam
733 1813 833 1856 eorum
847 1797 1066 1867 renuntiaverit,
1087 1812 1118 1854 se
1137 1793 1291 1864 audivisse,
1313 1791 1380 1866 quod

239 1901 320 1973 Papa
340 1900 456 1973 colligat
476 1900 591 1969 militas,
613 1916 670 1974 quo
690 1901 791 1958 nuntio
811 1899 900 1958 allato
921 1899 951 1956 lri
972 1900 1102 1958 eonsules
1124 1903 1154 1956 et
1165 1897 1273 1971 reliqui
1282 1895 1380 1954 domini

238 1985 357 2062 entitati
373 2001 463 2061 multo
483 2003 572 2074 magis
593 2007 736 2076 optarent,
758 2001 852 2062 ioedus
873 2019 936 2060 esse
957 2002 1196 2075 redintegratum,
1218 2007 1250 2060 ut
1270 2003 1379 2073 possent

237 2123 340 2167 cavere
361 2107 447 2165 rebus
468 2108 545 2179 suis3
572 2113 703 2166 metuunt
724 2109 800 2168 euim
820 2125 838 2166 a
859 2109 953 2180 Papa,
982 2106 1037 2165 nisi
1067 2105 1161 2166 foedus
1190 2104 1316 2164 habeant
1341 2102 1379 2161 rel

236 2229 300 2271 oum
329 2229 397 2285 rege
419 2212 592 2280 Galliarum,
624 2212 670 2270 vel
699 2228 761 2270 eum
789 2211 991 2270 illustrissimis
1013 2209 1174 2268 Germania
1201 2206 1379 2282 principibus.

316 2315 375 2375 Res
395 2333 465 2389 ergo
487 2317 585 2376 existit
598 2318 628 2374 iu
643 2317 739 2389 aliquo
756 2315 895 2390 periculo,
917 2316 941 2374 si
961 2313 1229 2396 adhuo‘differatur
1249 2328 1303 2371 nee
1321 2309 1379 2369 red·

235 2421 400 2492 integretur
420 2419 522 2492 ioedus,
544 2437 580 2478 ne
601 2420 711 2478 seilicet
731 2419 890 2478 adversarii
909 2421 1022 2477 irruant
1045 2419 1104 2476 suis
1127 2418 1263 2491 practicis
1285 2419 1315 2474 et
1333 2413 1379 2472 sibi

237 2525 307 2599 ipsis
327 2531 482 2599 procurent
504 2524 614 2596 ioedus,
644 2529 676 2582 ut
701 2525 756 2582 hoe
777 2527 899 2583 transitu
920 2541 972 2582 seu
993 2541 1079 2598 passu
1107 2524 1149 2581 uti
1169 2523 1283 2596 possint
1302 2526 1378 2592 atqua

237 2629 291 2688 hae
311 2631 421 2690 militia.

316 2737 380 2810 Ego
400 2736 447 2794 hie
466 2735 595 2808 privatus
615 2735 690 2808 dego
712 2737 773 2793 sine
795 2734 853 2793 ullo
874 2734 1027 2806 mandato,
1049 2733 1101 2792 sed
1121 2733 1242 2804 adveni,
1272 2736 1304 2788 ut
1323 2729 1377 2786 risi-

237 2849 330 2900 tarem
350 2843 484 2915 antiquos
505 2843 612 2900 amieos
632 2847 721 2914 atque
743 2839 895 2910 ecelesias,
917 2839 1062 2912 praecipue
1085 2853 1153 2894 vero
1175 2842 1209 2894 ut
1229 2853 1295 2894 euru
1315 2849 1377 2892 anuo

238 2949 285 3018 49,
308 2946 422 3020 quando
442 2946 552 3005 scilieet
572 2945 680 3005 laetum
695 2944 750 3004 luit
763 2945 857 3004 foedus
873 2943 919 3019 (ut
932 2943 1015 3021 dixi),
1037 2959 1100 3001 eam
1114 2958 1232 3002 oausam
1251 2940 1376 3013 juverim

237 3068 313 3109 nuno
332 3067 446 3126 quoque
464 3053 563 3124 juvem
585 3069 636 3124 pro
658 3068 722 3109 mea
742 3052 885 3110 tenuitate
906 3050 982 3122 apud
997 3064 1075 3108 meos
1091 3049 1205 3118 amieos,
1228 3047 1300 3104 nihil
1320 3060 1377 3117 ergo
1423 3039 1424 3042 ’

237 3171 351 3226 possum
374 3155 420 3214 hie
446 3155 525 3215 aliud
552 3154 666 3228 iacere,
699 3157 753 3216 uisi
781 3155 808 3214 d.
831 3155 987 3228 Cognetius
1015 3155 1129 3228 legatus
1157 3151 1327 3221 advenerit,
1353 3155 1377 3204 ut

237 3260 361 3332 scripsit,
383 3250 451 3318 t'une
464 3264 540 3320 enim
555 3278 710 3336 sperarem,
732 3275 776 3320 me
791 3277 876 3336 posse
888 3259 1019 3319 nonnihil
1031 3257 1182 3334 proficere,
1203 3257 1258 3316 sed
1270 3258 1375 3320 interea

239 3363 305 3422 dum
326 3366 424 3422 veniet
444 3363 481 3440 (si
501 3365 587 3424 modo
609 3365 782 3424 veniendum
802 3365 845 3422 illi
868 3361 977 3440 luerit),
999 3377 1128 3436 propono
1150 3356 1375 3419 considerandum

241 3467 295 3526 hoe
315 3482 408 3525 meum
431 3469 589 3542 eonsilium,
611 3469 687 3542 quod
709 3469 811 3538 sentio,
833 3466 902 3525 mini
923 3484 940 3524 a
960 3467 1083 3524 Domino
1103 3466 1249 3538 inspirari.

318 3567 451 3633 Dubium
466 3573 510 3634 ost
531 3577 575 3652 (ut
602 3575 693 3653 dixi),
724 3593 761 3634 an
787 3591 834 3634 res
856 3575 1014 3634 Galliarum
1044 3571 1170 3630 turbatae
1197 3571 1306 3642 possint
1329 3564 1374 3623 eito

239 3680 343 3751 sedari,
365 3685 396 3738 et
415 3681 602 3740 metuendum
625 3685 677 3750 est,
698 3697 734 3738 ne
756 3680 814 3738 cito
835 3681 955 3752 possint,
977 3679 1019 3736 ita
1039 3683 1072 3736 ut
1091 3675 1253 3748 perieulum
1274 3675 1321 3740 sit,
1345 3683 1372 3724 ne

238 3785 354 3844 interim
375 3783 533 3844 adversarii
554 3788 679 3854 urgeant
700 3788 730 3839 et
751 3783 867 3854 rapiant
892 3781 947 3840 sibi
974 3780 1224 3851 commoditatem,
1255 3793 1315 3850 qua
1340 3775 1373 3827 eal

239 3888 362 3948 maxima
383 3887 468 3960 liujus
493 3865 635 3944 transitus
663 3903 714 3944 seu
740 3903 841 3960 passus
866 3895 953 3960 atque
981 3886 1101 3944 militiae.
1143 3885 1219 3957 Quid
1248 3897 1328 3954 ergo,
1354 3873 1371 3931 si

241 3992 428 4054 illustrissimi
451 3992 614 4052 Germania
634 3991 779 4064 principes
799 3991 850 4062 illi,
872 3993 919 4064 qui
941 3991 1043 4050 saltem
1063 3996 1131 4049 sunt
1152 3989 1270 4048 Rhaetiae
1290 3979 1369 4058 prori-

800 4133 814 4164 vl<

240 4242 349 4314 (Guise,
378 4245 593 4312 Monimorenuy
618 4242 675 4295 arud
702 4242 741 4296 st.
769 4241 875 4306 Andre)
901 4240 974 4296 naeh
999 4239 1234 4302 l'outainebleau,
1260 4251 1299 4288 wo
1319 4227 1364 4283 sith

239 4330 309 4386 Karl
327 4329 366 4384 IX
386 4330 445 4384 und
463 4328 539 4384 seina
558 4329 663 4383 mutter
682 4328 840 4384 auihielton
860 4329 917 4382 und
936 4345 1072 4398 ewangen
1091 4326 1180 4390 dieue,
1204 4325 1259 4380 sioh
1275 4322 1301 4376 in
1316 4315 1365 4370 ihre

239 4417 346 4484 uenali
360 4435 393 4470 uu
417 4415 555 4486 begeben.
