2862 5080
52 402 121 459 1568
595 409 655 470 401

49 592 117 635 suos
138 575 252 635 divinos
279 575 444 644 thesauros,
476 575 606 646 spiritum
634 581 665 632 et
693 571 778 632 tidem
805 589 858 646 per
883 572 1028 634 Christum
1053 577 1198 638 dominum

50 685 193 739 nostrum.

131 783 272 857 Tubingae
293 783 340 843 die
361 785 404 842 XI
425 783 594 844 Decembris
618 784 703 842 1563.

282 887 487 947 illustrissimos
509 886 696 946 Celsitudiuis
717 885 830 946 Vestrsa
851 887 976 946 servitor

480 1067 483 1074 Ι
957 992 1122 1065 Vergerius.

133 1094 329 1156 Nechsohriit:
352 1079 443 1170 equbs
464 1098 522 1156 erit
543 1095 655 1156 dandm
668 1095 812 1155 Fedcrico
828 1096 970 1170 Neppeiio
988 1097 1006 1154 h
1022 1097 1202 1169 cancellarie,

52 1203 138 1260 mitto
158 1201 235 1261 enim
255 1201 403 1274 proprium
424 1198 561 1260 icmolum
582 1201 619 1260 ad
640 1201 729 1270 iilum,
751 1201 798 1273 qui
820 1199 952 1274 occipiat.

599 1407 664 1464 193.

364 1520 485 1606 Verger
507 1543 551 1600 an
573 1521 691 1608 herzog
713 1519 897 1606 christoph.

378 1634 540 1708 Strassburg
560 1637 596 1693 31
618 1633 780 1696 December
801 1634 886 1694 1563.

127 1737 233 1792 Meldot
250 1735 325 1793 seina
342 1737 465 1792 ankuufb
477 1738 507 1792 in
522 1735 679 1806 Strassburg
698 1737 754 1790 und
773 1734 829 1792 doss
849 1735 894 1791 die
912 1739 975 1806 pest
993 1736 1069 1792 seiae
1088 1737 1157 1793 reice
1175 1738 1205 1792 iu

55 1834 102 1888 die
121 1833 246 1888 Schweiz
264 1833 399 1889 auihaite.

137 1931 333 1990 illustrissime
348 1931 492 2004 Princeps
513 1937 544 1988 et
564 1930 685 1990 Domine
707 1932 829 1990 Domine
852 1929 1098 1992 clementissima!

112 2093 116 2098 ,
138 2033 327 2106 Argentiuam
348 2034 427 2105 voni,
448 2032 498 2091 ubi
518 2032 623 2101 audivi,
646 2033 790 2092 dominum
811 2033 961 2108 legatum¹
982 2035 1123 2096 Gallicum
1144 2053 1207 2097 osse

56 2140 87 2195 in
108 2137 212 2208 dubio,
241 2153 308 2196 num
329 2138 414 2197 modo
433 2137 473 2195 sit
492 2137 522 2196 in
543 2137 687 2196 Rhoetiam
706 2137 889 2211 proiecturas
909 2141 1066 2200 renovandi
1088 2139 1209 2200 ioederis

56 2258 154 2314 causa,
175 2248 331 2316 propterca
350 2242 427 2316 quod
447 2242 537 2316 pestis
558 2245 646 2316 coepit
665 2244 775 2302 servire.
806 2243 873 2302 Misi
887 2246 1034 2318 proprium
1055 2245 1209 2313 hominem,

57 2346 109 2420 qui
129 2347 304 2419 interroget,
331 2363 416 2421 quem
443 2354 579 2423 exspecto
606 2350 636 2407 in
661 2349 763 2420 horas3
794 2351 818 2408 si
848 2351 963 2410 venerit
982 2359 1013 2411 et
1033 2352 1211 2412 nuntiaverit

58 2452 187 2512 eundum
208 2469 282 2524 esse,
302 2453 373 2511 nihil
394 2455 538 2528 morabor,
559 2455 672 2515 etiamsi
693 2455 809 2514 tantilla
828 2456 950 2531 coeperit
964 2457 1054 2532 pestis
1075 2472 1209 2530 regnare,

57 2554 153 2616 iretus
174 2557 328 2616 clementia
348 2558 419 2630 Dei;
441 2559 466 2616 si
486 2573 555 2616 vero
575 2557 693 2630 putarit,
715 2573 779 2616 esse
800 2557 999 2630 differendum,
1022 2575 1076 2632 ego
1096 2575 1210 2634 quoque

58 2659 193 2720 differam
214 2667 245 2720 et
264 2661 423 2734 Tobingam
444 2662 592 2721 rediturus
612 2679 683 2721 sum.

142 2765 238 2825 Gallia
258 2767 332 2826 benc
354 2765 442 2826 habet
461 2767 490 2825 in
513 2767 672 2840 evangelio,
694 2767 789 2838 multi,
811 2766 860 2841 qui
880 2766 948 2824 inde
969 2767 1105 2840 veniunt,
1132 2765 1210 2827 affir-

60 2876 150 2928 mant.
191 2870 227 2928 D.
249 2869 371 2930 Vidame
396 2871 433 2932 de
453 2869 628 2932 ,Schartras¹
658 2871 705 2930 hic
731 2870 787 2930 fuit
815 2871 924 2944 aliquot
952 2871 1072 2944 dicbus,
1103 2871 1209 2931 deinde

60 2973 211 3047 proiectus
233 2981 278 3034 est
297 2976 333 3034 ad
352 2977 578 3036 illustrissimum
594 2975 789 3050 Dipontiuum
810 2993 876 3035 mox
896 2977 1039 3037 Basileam
1059 2982 1207 3036 venturus.

142 3077 233 3138 Liber
254 3079 291 3139 de
312 3063 432 3141 concilio
452 3081 637 3154 imprimitur,
666 3079 749 3140 video
770 3097 835 3140 eum
856 3080 998 3154 quotidie,
1024 3081 1076 3141 sed
1095 3081 1209 3156 paucis-

60 3186 134 3242 sim's
154 3184 296 3258 intelligo,
319 3201 386 3244 narn
407 3187 571 3259 germanice
592 3186 775 3259 imprimitur.

141 3287 268 3362 Reliqua
287 3305 343 3348 uon
364 3295 441 3363 sunt,
462 3306 527 3364 quae
547 3291 605 3348 sint
624 3289 786 3362 scribenda,
807 3288 892 3347 modo
912 3287 1027 3348 Basiiaa
1047 3289 1136 3362 pestis
1155 3305 1214 3349 cm·

63 3393 104 3462 pit
126 3391 217 3449 etiam
238 3389 284 3451 hic
308 3392 532 3467 aliquantulum,
560 3391 639 3450 Deus
659 3391 803 3464 gubernct
829 3405 908 3449 suam
934 3389 1093 3450 ecclesiam.
1134 3389 1215 3451 Bene

64 3497 161 3556 valeat
181 3495 381 3556 Illustrissima
401 3496 549 3557 Celsitudo
570 3496 684 3556 Vestra.
721 3497 811 3556 Pater
839 3493 963 3555 coelestis
990 3494 1136 3568 adaugeat
1163 3511 1216 3554 sua

65 3600 165 3661 divina
186 3599 271 3674 donc,
293 3601 424 3674 spiritum
446 3609 475 3661 et
496 3600 584 3660 fidem
603 3617 655 3675 per
676 3601 821 3661 Christum
843 3601 989 3660 dominum
1011 3604 1149 3659 nostrum.

142 3705 313 3777 Argentinse
333 3706 434 3764 ultima
454 3705 502 3764 die
522 3705 691 3765 Decembris
711 3720 787 3763 anno
809 3705 895 3763 1563.

142 3809 359 3869 Illustrissimus
378 3812 512 3884 princeps
533 3809 561 3870 d.
582 3807 781 3869 Radzivillus⁸
801 3808 982 3868 commendat
1002 3823 1033 3867 se
1055 3809 1216 3879 exanimo,

66 3915 139 3974 mira
159 3913 314 3989 diligentis
334 3915 385 3974 dat
405 3931 523 3990 operam
543 3914 650 3974 litteris
671 3920 701 3972 et
721 3915 835 3986 pietati.

296 4019 503 4080 illustrissimae
524 4018 713 4080 celsitudinis
733 4019 846 4078 Vestrae
867 4017 991 4076 servitor

972 4120 1137 4194 vergerius.

636 4242 651 4275 *

140 4281 153 4332 l
173 4277 202 4333 S.
220 4297 248 4334 n.
269 4279 328 4334 191.

137 4366 153 4419 2
172 4365 199 4420 S.
219 4383 247 4419 u.
267 4363 327 4420 192.

138 4453 155 4506 3
172 4451 200 4506 S.
219 4470 248 4507 n.
269 4452 328 4508 187.

124 4554 216 4610 Vereor
