2830 5072
48 385 106 439 1561
578 393 639 454 305

45 556 197 633 clementia)
218 559 403 632 respondere,
425 560 502 634 quod
522 561 658 620 deberem
679 561 874 636 Stutgardiem
895 561 994 624 venire
1016 561 1063 620 die
1085 561 1176 624 Simo-

44 663 81 720 nis
100 662 229 733 etJndae‚
251 665 356 724 littero
376 663 495 724 luerunt
515 665 583 724 mibi
605 666 726 724 reddilae
746 667 885 739 postridie
901 667 1026 728 Simonis
1041 669 1071 724 et
1085 665 1185 739 dudm·

43 774 68 825 et
86 785 145 828 oum
166 767 362 842 Stutgardiam
383 767 568 826 nibilominus
594 770 749 836 venissem,
778 769 883 842 audivi,
904 769 1036 828 Vestram
1057 767 1178 827 celsitu-

42 870 127 928 dinem
145 870 304 942 prolectam
333 889 396 931 esse
422 871 451 930 in
478 873 671 932 venationem.
713 873 781 930 Fiat
808 874 939 932 voluntas
960 871 1092 943 Domini,
1123 889 1181 931 uon

43 981 80 1033 est
99 975 225 1048 dubium,
247 978 314 1050 quin
335 977 390 1034 lnoc
410 991 523 1049 quoque
544 973 634 1034 luerit
645 975 681 1033 ab
696 978 825 1034 Aeterno
845 977 1022 1048 ordinatum;
1044 979 1105 1051 ipse
1126 979 1181 1036 scit

42 1097 155 1151 caumm,
177 1082 229 1155 qui
249 1082 344 1140 omnia
363 1083 492 1140 suaviter
512 1081 648 1154 disponit.
679 1081 788 1140 Narnsi
801 1082 897 1155 capilli
914 1082 1016 1155 capitis
1036 1082 1180 1140 numerati

42 1191 107 1258 sunt,
128 1203 178 1244 cur
199 1203 256 1245 non
277 1185 461 1261 affirmemus,
483 1203 548 1246 eum
570 1188 606 1247 de
627 1187 692 1246 aliis
712 1187 808 1260 rebus,
829 1203 893 1262 quae
909 1187 1044 1247 videntur
1054 1189 1180 1262 minima,

41 1306 125 1348 curam
144 1291 274 1351 habere?

110 1393 269 1454 subsistam
289 1394 350 1466 hic,
372 1393 439 1452 dum
460 1393 566 1453 Vestra
585 1393 784 1453 illustrissima
805 1393 953 1455 Celsitudo
973 1395 1111 1466 redierit,
1132 1415 1181 1456 ve·

41 1513 95 1554 rum
114 1498 288 1570 anticipabo,
310 1505 341 1556 et
362 1500 548 1572 quamobrem
570 1499 742 1572 colloquium
764 1502 908 1572 petierim,¹
928 1502 1028 1573 paucis
1047 1503 1182 1576 aperiam,

42 1601 160 1662 dicturus
181 1603 313 1677 pluribus
333 1617 439 1664 coram.

109 1707 189 1782 Papa
210 1725 324 1782 semper
343 1709 412 1766 mibi
433 1707 487 1768 init
507 1715 670 1783 suspectus,
692 1726 729 1767 ne
750 1709 785 1768 de
807 1709 895 1769 armis
914 1711 1010 1782 potius
1031 1711 1182 1794 cogitaret,

43 1825 114 1881 quarn
137 1811 177 1868 de
207 1811 343 1880 concilio,
371 1811 448 1882 qnod
469 1827 514 1869 me
543 1827 635 1885 nuper·
655 1813 753 1884 morit,
775 1819 819 1870 est
839 1812 1012 1886 bujnnmodi.
1052 1815 1119 1874 Non
1139 1823 1184 1876 est

43 1913 157 1985 dubium,
180 1917 251 1989 quin
267 1931 366 1974 omnes
381 1931 475 1989 reges,
498 1932 596 1975 omnes
616 1917 769 1990 principes,
792 1935 890 1977 omnes
911 1919 1090 1993 respublica,
1112 1938 1183 1995 quas

42 2015 83 2074 ille
101 2023 199 2090 potest
218 2017 355 2090 adigere,
385 2025 418 2076 ut
444 2033 510 2078 suos
530 2018 568 2076 ad
589 2019 739 2078 concilium
760 2019 871 2094 legatos
890 2025 1016 2095 mittant,
1038 2041 1102 2083 cum
1122 2025 1182 2098 pri·

43 2139 107 2181 mum
127 2125 286 2182 statuerint
307 2123 344 2182 de
357 2124 508 2198 mittendo,
529 2125 649 2184 laudent
664 2126 816 2184 concilium
829 2143 882 2200 pro
897 2128 1026 2200 legitimo
1040 2135 1071 2188 et
1084 2136 1183 2190 sancte

41 2225 174 2298 instituto,
196 2245 227 2286 se
248 2228 306 2287 illis
327 2227 491 2301 subjiciant,
514 2234 544 2288 et
564 2229 734 2300 promittant
759 2247 790 2288 se
812 2231 963 2305 adjuturos
983 2233 1183 2292 executionem

42 2336 126 2392 armis.
168 2335 267 2408 Quare
294 2335 345 2394 ille
365 2333 536 2394 maledictus
566 2336 752 2395 antichristus
773 2337 869 2410 potnit
889 2355 941 2395 sua
961 2340 1091 2409 potentia
1111 2340 1184 2397 suis-

44 2453 91 2509 que
110 2439 247 2512 practicis
274 2457 292 2497 a
321 2439 451 2512 principe
473 2439 660 2500 Venetiamm
691 2447 721 2498 et
748 2439 784 2499 ab
809 2443 944 2501 universa
963 2443 1015 2502 illa
1035 2443 1184 2517 republica

44 2543 180 2616 obtinere,
210 2549 243 2600 nt
270 2542 442 2616 legatosad
464 2542 667 2602 consiliumet
694 2545 877 2604 constitnerit
903 2546 1036 2618 mittere,
1068 2548 1183 2619 etjam

44 2645 157 2719 elegerit
171 2647 325 2712 ,dominum
335 2645 504 2704 Mattbaeum
516 2645 649 2704 Dandulo
665 2651 695 2704 et
711 2646 857 2705 dominnm
868 2649 1019 2708 Nicolaum
1034 2649 1070 2708 de
1081 2651 1183 2710 Ponte.

44 2749 188 2823 Negotium
215 2752 284 2810 mibi
315 2751 429 2808 videtur
458 2749 535 2806 baud
562 2749 643 2820 parvi
673 2765 736 2807 esse
763 2750 909 2823 ponderis.
951 2753 1025 2810 Nam
1052 2753 1186 2812 universa

44 2856 197 2927 respublica
222 2855 380 2916 christiana
399 2855 496 2913 visura
524 2859 568 2912 est
590 2855 642 2913 boc
664 2855 817 2914 maximum
836 2856 1036 2929 praejudicium
1057 2858 1183 2931 veritati,

44 2976 136 3034 nempe
158 2963 235 3036 quod
255 2960 394 3019 hactenus
419 2959 605 3018 illustrissimi
630 2961 745 3033 imperii
769 2961 912 3036 principes
932 2964 1030 3036 inique
1050 2961 1182 3036 iecerint,

46 3081 100 3122 cnm
118 3067 207 3140 Papae
227 3066 380 3124 concilium
406 3065 576 3124 recusarint.
620 3067 696 3140 Papa
728 3072 823 3126 antem
853 3067 1014 3140 aequissime
1043 3083 1106 3126 cnm
1133 3084 1185 3126 suo

45 3171 119 3230 modo
138 3173 284 3244 indixerit,
307 3187 406 3230 verum
426 3171 543 3243 quidem
564 3177 617 3242 est
638 3171 714 3243 quod
735 3187 818 3228 nemo
835 3187 871 3229 ex
888 3170 988 3230 electis
1005 3165 1185 3232 subducatur

45 3283 87 3334 ant
106 3277 278 3350 decipietur,
300 3277 352 3334 sed
373 3283 469 3334 tamen
489 3293 537 3334 res
558 3283 603 3334 est
623 3275 840 3334 contemnenda.
883 3275 947 3349 Ego
968 3278 1006 3336 ad
1026 3279 1119 3350 ipsum
1140 3293 1184 3336 se·

47 3382 217 3440 renissimum
239 3381 426 3441 Venetiarum
446 3381 605 3456 principem
626 3383 740 3442 litteras
766 3381 884 3455 concepi
909 3381 1026 3441 italice¹
1057 3380 1123 3457 (nec
1143 3389 1186 3442 ta·

47 3500 104 3544 men
123 3487 201 3563 misi)
222 3487 329 3546 deinde
349 3487 378 3544 in
392 3487 529 3545 Latinum
550 3487 633 3558 verti,
654 3493 688 3545 ut
707 3486 904 3544 Illustrissima
920 3485 1068 3546 Celsitudo
1082 3488 1188 3547 Vestra

49 3593 130 3661 possit
148 3592 300 3651 consilium
320 3593 399 3650 dare.
441 3590 541 3663 Spero,
564 3591 649 3664 quod,
671 3591 721 3664 qui
742 3590 855 3664 legerit,
878 3592 1097 3664 animadvertet,
1119 3609 1187 3652 oon-

48 3693 135 3754 cilium
152 3695 242 3756 fnisse
262 3697 440 3770 iniquissime
460 3695 599 3756 indictum
620 3703 650 3754 et
670 3696 847 3768 iniquissime
869 3697 1014 3755 adornari.
1050 3697 1108 3770 Ipsi
1128 3696 1187 3756 lor·

47 3789 124 3858 tnesis
146 3802 254 3860 domini
274 3802 378 3862 Veneti
408 3803 506 3860 oculos
532 3804 690 3874 aperient,¹
712 3801 748 3876 (si
768 3800 877 3860 luerint
897 3802 1012 3876 moniti)
1034 3808 1067 3860 et·
1083 3802 1188 3874 reliqui

49 3918 151 3978 quoque
173 3906 344 3976 Christiani,
372 3923 425 3966 nee
446 3906 666 3986 existimabunt,
688 3905 806 3964 Vestras
826 3905 1037 3964 Illustrissimas
1065 3905 1189 3964 Celsitu·

48 4005 122 4068 dines
140 4011 200 4070 sine
221 4029 326 4086 magna
347 4028 433 4070 causa
453 4027 615 4084 recusasse,
638 4017 667 4070 et
689 4011 795 4070 diserte
817 4011 925 4070 dixisse
947 4017 1007 4069 tum
1027 4011 1189 4084 Nurnburgi

606 4153 622 4186 sp

115 4261 126 4315 l
144 4261 207 4334 Vgl.
222 4283 250 4319 n.
264 4265 324 4320 128.
350 4263 413 4320 sixt
430 4264 508 4319 fnihrt
526 4265 586 4330 600,
607 4267 640 4320 75
659 4265 721 4320 eine
739 4261 907 4318 lateinische
925 4263 1024 4318 schrift
1041 4281 1094 4318 an:
1114 4263 1186 4328 Quid

50 4342 80 4397 de
97 4350 244 4406 universali
264 4352 384 4407 concilio
398 4354 620 4424 ‚enspecbandum
640 4352 699 4406 sit?
718 4352 840 4421 epistola
858 4352 895 4407 ad
913 4352 1040 4406 dominos
1059 4351 1186 4415 Venetos,

51 4430 97 4486 hat
112 4435 145 4492 sie
163 4439 228 4494 aber
249 4458 300 4494 nur
320 4457 369 4495 aus
389 4441 467 4496 einer
485 4441 561 4496 notiz
580 4441 610 4519 in
629 4441 720 4496 einem
738 4440 830 4495 briefe
849 4439 979 4507 Vergers.

99 4539 185 4594 renger
372 4546 378 4562 '
947 4537 980 4592 20
