2884 5074
746 339 808 401 tas
1288 333 1351 387 ress
1431 301 1432 396 ἶ

285 508 399 569 Deinde
420 508 498 567 aliud
527 514 590 577 est,
621 509 651 566 in
678 525 735 582 quo
763 510 943 568 clementiam
967 509 1080 569 veura
1101 509 1293 570 celsitudinis
1312 528 1352 569 co
1431 507 1432 560 ἔ

206 630 259 688 gor
279 587 443 686 implorare.
485 613 591 684 Aedos,
612 611 641 671 in
664 612 768 686 quibus
789 613 928 672 hactenus
949 613 1088 688 Tubingae
1109 615 1256 688 habitavi,
1283 617 1352 674 iutra

205 734 312 792 paucos
333 718 396 776 dies
418 717 587 790 vendentur,
610 735 700 792 quare
715 735 802 792 cogor
819 719 907 777 exire.
940 719 1011 778 Cum
1025 726 1122 780 autem
1139 721 1351 794 diligentissime

205 823 399 896 inquisierira,
422 823 509 881 nullm
529 823 594 882 aliae
616 831 772 897 apparent,
793 823 823 882 iu
845 841 916 898 quas
936 825 1041 898 possim
1062 841 1108 884 me
1128 827 1278 898 recipere,
1305 827 1352 884 uisi

205 927 319 988 abbatis
338 927 526 1003 Blopireusis,
549 929 598 1001 qui
619 926 700 986 binas
720 928 810 988 babet
830 931 1013 1003 conjunctus,
1041 930 1071 987 iu
1092 931 1194 990 alteris
1214 931 1297 1003 degit
1316 929 1352 989 ia·

205 1034 300 1092 mulus
319 1034 409 1107 ipsius
429 1033 468 1092 ibi
491 1049 609 1092 servans
629 1029 775 1093 numerate
796 1040 827 1093 et
847 1037 933 1108 vinu,
964 1035 1066 1094 alterae
1092 1043 1160 1094 suut
1180 1051 1299 1106 vseuae,
1328 1043 1353 1093 et
1431 1035 1432 1052 ¹

207 1137 287 1196 nullo
307 1137 396 1212 ipsius
416 1137 595 1198 incommodo
616 1140 847 1212 possuatlccsri.
878 1141 944 1199 Nou
964 1157 1078 1214 recuso,
1100 1141 1214 1200 solvere
1233 1159 1352 1200 annuam

205 1347 293 1408 abbas
314 1365 370 1406 uon
392 1347 481 1408 dabit.
513 1349 609 1420 Quare
631 1349 727 1408 eidem
747 1358 917 1410 reverenter
937 1368 970 1410 ac
992 1351 1203 1424 perOhristum
1218 1352 1352 1426 supplico,

107 1302 116 1309 ,
205 1243 379 1316 pensionem.
410 1243 469 1304 Sed
489 1244 544 1302 nisi
565 1242 714 1304 celsitudo
735 1245 840 1305 Vestra
860 1247 1062 1306 auctoritatem
1082 1247 1251 1320 interponat
1270 1264 1352 1318 suam,
1431 1253 1432 1258 ’

208 1458 240 1510 nt
261 1452 397 1526 dignetur
417 1454 476 1512 suis
496 1452 602 1511 litteris
624 1451 660 1510 ad
681 1450 814 1512 abbatem
837 1454 978 1522 scribere,
1007 1461 1038 1512 ut
1066 1453 1136 1512 milri
1156 1453 1263 1512 debeat
1282 1454 1353 1512 sedes

209 1558 315 1616 locare.
356 1557 516 1630 Tubingam
536 1556 623 1616 hodie
644 1556 742 1616 redeo.

1111 1666 1280 1739 Vergerius.
1351 1673 1354 1680 '

280 1765 386 1820 Hinten
405 1783 460 1820 vou
478 1766 527 1820 des
545 1766 661 1836 hernogs
680 1765 770 1820 haud:

281 1853 460 1924 Belangendt
478 1855 532 1909 den
551 1849 741 1924 oliatalogum,
762 1871 791 1908 so
810 1871 840 1911 er
858 1854 1020 1924 gedeuolrht
1038 1852 1068 1906 in
1087 1853 1191 1908 truckh
1209 1855 1352 1928 subgehen
1431 1817 1432 1874 ἐ

210 1960 243 1998 au
261 1943 359 2000 lassen.
379 1941 511 1996 sohickhe
529 1941 575 1996 ich
593 1939 649 1995 ime
669 1941 724 1996 den
743 1941 831 1997 wider
837 1964 844 2008 ;
864 1961 930 2014 mag
942 1942 1008 1998 inne
1021 1943 1094 1996 auch
1107 1943 1247 2000 truckheu
1258 1943 1351 2007 lassen,
1431 1943 1432 2014 l

209 2029 280 2084 doch
300 2029 422 2084 diewcill
442 2029 579 2085 dsrinnen
599 2029 639 2083 fill
659 2029 820 2093 historisch,
841 2029 894 2084 soll
912 2047 942 2085 er
960 2029 1060 2093 schem,
1080 2029 1139 2091 dus,
1158 2029 1221 2084 wall
1241 2047 1271 2084 er
1289 2031 1351 2084 ulle·
1431 2023 1432 2096 i

209 2117 292 2186 giert,
310 2119 417 2172 certum
436 2133 509 2189 sepe,
526 2117 617 2172 demit
635 2135 665 2172 er
683 2117 727 2171 nit
745 2117 958 2188 reprehendisti
977 2118 1076 2172 werde.

279 2205 334 2260 Das
359 2204 451 2269 bauli,
481 2223 510 2260 so
529 2223 559 2260 er
578 2205 690 2277 begert,
719 2207 771 2261 soll
791 2207 856 2262 dem
875 2207 1035 2276 undervogt
1054 2205 1220 2274 geschribeu
1239 2205 1351 2267 werden,
1431 2213 1432 2268 l

208 2291 358 2364 derwegen
377 2311 411 2348 su
429 2294 561 2350 handlen.

752 2561 819 2616 241.

499 2678 636 2765 Herzog,
651 2679 826 2764 Christoph
848 2702 890 2744 an
913 2679 1069 2746 Rudzivil.

636 2810 705 2868 Sine
727 2810 795 2868 dete
817 2816 847 2868 et
868 2812 940 2867 loco.

564 2911 631 2966 Muti
651 2914 718 2970 1559
737 2913 806 2968 oder
826 2914 894 2968 1560
912 2912 1009 2966 fallen.

284 3026 393 3098 Herzog
411 3028 562 3099 Christoph
581 3028 726 3098 emplichlt
745 3029 854 3099 Verger
871 3046 908 3082 an
928 3027 1066 3082 Radzivil.

288 3124 413 3183 illustris
431 3127 569 3200 Princeps
590 3134 620 3186 et
640 3129 731 3184 amice
752 3127 834 3185 nobis
856 3125 1043 3198 singulariter
1064 3125 1186 3184 dilecte!

288 3227 420 3286 Vestram
442 3229 632 3290 Dilectiouem
655 3233 745 3290 amice
767 3233 921 3291 certiorem
941 3228 1075 3301 iacimus,
1105 3229 1184 3300 quod
1213 3228 1292 3287 uobis
1311 3243 1347 3284 re·

211 3333 355 3390 verendus
375 3335 556 3396 consiliarius
577 3341 676 3394 noster
697 3342 727 3394 et
748 3335 879 3406 dilectus,
901 3333 1011 3406 fidelis,
1035 3334 1139 3392 Petrus
1160 3333 1268 3390 Paulus
1287 3331 1347 3389 ller-

151 3450 155 3459 ·
209 3436 307 3508 genius
326 3437 440 3496 litteras
461 3438 599 3510 legendas
621 3439 798 3510 exhibuerit,
817 3441 848 3515 ia
870 3439 975 3516 quibus
994 3439 1208 3496 illustrissimus
1228 3435 1348 3509 princeps

211 3546 240 3600 et
262 3541 344 3599 uobis
366 3542 489 3601 dilectus
509 3543 603 3602 affinis
624 3543 752 3603 Joarraes
773 3543 941 3602 Fridcrieus
968 3543 1026 3600 dux
1047 3542 1198 3613 Saxoniae,
1229 3558 1286 3600 suae
1314 3539 1347 3598 di-

210 3646 344 3706 lectionis
374 3648 565 3722 ejusdemque
597 3647 695 3708 fratris
722 3649 803 3708 dubis
824 3648 946 3707 Joanuis
968 3648 1117 3708 Wilhelmi
1145 3649 1275 3717 nomine,
1304 3645 1348 3717 ipsi

211 3749 352 3822 Vergerio
379 3751 545 3808 inundatum
573 3758 806 3825 potestatemque
841 3751 922 3808 dedit
952 3753 988 3810 de
1019 3753 1156 3826 ¹narrandis
1193 3751 1346 3826 quibusdam

212 3855 353 3926 negotiis,
380 3854 613 3924 matrimonium¹
635 3857 824 3928 interipsum
846 3856 946 3914 ducem
963 3836 1106 3918 loannem
1127 3857 1306 3915 Wilhelmum
1324 3857 1346 3912 et

210 3960 288 4034 regis
308 3959 438 4020 Poloaiae
458 3980 588 4022 sororem
609 3964 837 4022 contrahendum
858 3963 1070 4036 spectantibus:
1092 3963 1167 4022 siout
1186 3963 1288 4022 Vestra
1305 3959 1345 4018 lli·

211 4065 299 4125 lectio
328 4083 363 4124 ex
390 4067 480 4140 copiis
508 4066 563 4142 (uti
594 4065 712 4144 vocant)
743 4083 795 4124 scu
826 4066 957 4138 exemplo
981 4067 1104 4124 villorum
1133 4063 1343 4126 testimoniorum

210 4172 301 4231 amice
314 4188 501 4259 cognoscere
523 4173 639 4246 poterit.
671 4171 782 4230 Horum
804 4187 873 4244 ergo
895 4172 1076 4244 negotiorum
1097 4171 1192 4243 gratia
1206 4167 1343 4242 vergerim

777 4292 794 4330 e

282 4391 296 4447 1
314 4389 344 4444 S.
363 4409 390 4444 n.
410 4391 452 4444 89.
