2830 5072
72 292 130 346 nm
595 299 657 360 teu

69 473 192 539 querutum
212 473 340 538 possunt,
363 473 422 526 tum
443 470 519 543 apud
541 470 668 542 reginam
690 475 810 528 matrem
822 469 838 540 ¹,
862 475 921 530 tum
939 469 1015 540 apud
1030 485 1127 542 regem
1142 469 1200 526 Nn·

68 585 156 640 rerum,
178 576 236 628 tum
258 574 344 630 etiam
364 573 441 646 apud
463 572 631 632 Ilerrmiss⁸
651 573 800 644 ducissam,
823 590 859 639 ne
880 573 1019 644 advocet,
1041 575 1201 646 prasertim

69 691 128 732 rem
148 675 251 734 Petrus
283 676 410 734 Marti-³
436 683 466 736 et
492 677 578 736 Bezn.
620 677 699 749 Hoc,
727 678 858 750 inquam,
887 678 1024 750 suspicor.
1066 676 1200 750 Alioquin

66 795 114 836 nou
134 785 176 838 est
196 779 329 850 dubium,
352 781 419 852 quin
442 787 502 838 tum
523 782 659 840 rrmrulelu
682 779 783 840 horum
805 782 907 850 trium,
929 785 988 838 tum
1009 780 1129 840 aliorum
1151 799 1200 840 uo·

66 899 145 954 carer,
167 900 219 942 nec
239 891 319 955 pute,
340 900 385 942 me
407 901 506 942 errare
527 887 556 942 in
578 885 631 944 hac
652 901 716 943 mea
737 885 906 957 suspicione.
949 884 1084 958 Cognovi,
1106 885 1200 957 cnjus·

66 987 131 1046 modi
150 989 206 1046 sint
227 989 305 1057 odia,
335 990 437 1062 quibus
465 988 588 1062 flagrant
619 997 648 1048 et
678 989 817 1047 urluersus
844 993 971 1046 nostram
992 986 1199 1048 confessionem

64 1097 189 1164 pugnant.
231 1093 288 1150 Sed
313 1093 425 1151 Domini
453 1094 585 1150 voluntas
614 1094 682 1163 liat,
715 1093 829 1152 interim
858 1091 987 1168 (hieraul'
1011 1091 1200 1168 dintenlleck)

64 1203 153 1266 pareat
173 1197 219 1256 od.
243 1204 332 1270 peut.
464 1269 468 1276 ι

130 1301 248 1361 Absolui
270 1303 399 1376 qrraedarn
423 1303 458 1360 de
480 1301 639 1372 concilio‘‚
668 1301 742 1360 dabo
765 1318 840 1360 nunc
860 1295 1068 1369 describendu‚'
1094 1301 1199 1360 deinde
1277 1367 1281 1376 Ι

64 1405 162 1465 Vestrae
185 1406 389 1465 illustrissimus
407 1407 594 1466 Celsitudinis
612 1405 722 1477 judicic
743 1406 900 1478 subjiciam,
922 1422 1005 1478 spere
1026 1404 1123 1464 lutura
1144 1401 1199 1464 iren

62 1507 164 1568 inutilia
184 1526 277 1584 regno
298 1512 459 1583 praesertim
481 1510 648 1570 Galliarum.

135 1613 260 1686 Spiritus
289 1621 405 1674 serretus
436 1615 557 1674 adduxit
581 1613 765 1672 Celsitudiuis
789 1614 899 1672 Vestrae
926 1614 1059 1672 litteras‘
1079 1615 1200 1674 maxime

65 1718 248 1791 intempore.
292 1719 362 1776 Cum
383 1719 458 1778 enim
485 1720 603 1776 laverim
632 1719 669 1776 ad
697 1719 879 1790 septuaginta
905 1718 1005 1790 liores,
1033 1718 1129 1778 nullus
1155 1724 1200 1784 est

63 1820 102 1878 hie
122 1824 264 1894 medicus,
291 1822 393 1897 (abivit
414 1824 488 1881 enim
509 1839 631 1896 peregre
653 1824 691 1894 is,
718 1823 766 1894 qui
787 1821 879 1896 erut),
907 1839 992 1894 quem
1012 1823 1199 1892 consulerem,

64 1934 167 1985 essetne
189 1928 262 1986 mihi
283 1928 421 2000 prolixius
439 1899 603 1986 isuardum.
636 1927 731 1998 Quare
746 1943 808 1984 cum
826 1926 974 1984 crederem
995 1926 1064 1984 satis
1084 1926 1198 1996 lenisse,

64 2032 262 2090 ‹resistitucrcrn
284 2050 346 2090 crus
367 2048 451 2090 inane
473 2031 631 2100 discedere,
653 2031 703 2088 sed
719 2030 785 2088 risis
799 2029 1001 2090 illustrissime
1015 2029 1200 2088 Celsitudinis

62 2133 159 2194 Vestrae
179 2137 288 2196 litteris
310 2139 416 2194 inmari
442 2135 613 2196 sententiam
643 2153 706 2194 cum
729 2135 784 2194 Ilei
804 2136 919 2194 nomine
941 2142 971 2194 et
991 2136 1055 2194 volo
1075 2150 1198 2208 pergere

61 2238 173 2298 lavanda
195 2241 318 2312 arrrplins
345 2241 482 2315 (silicus
508 2240 655 2314 voluerit).
697 2241 813 2298 Interea
839 2241 931 2298 nriuus
959 2238 1079 2298 rrrolesto
1103 2240 1198 2296 arrirnc

61 2341 114 2400 lem
134 2346 193 2406 llaec
216 2345 329 2416 balnea,
350 2346 418 2416 quie
441 2345 485 2402 vel
507 2345 583 2403 dicto
605 2345 650 2402 vel
671 2344 744 2416 lege,
765 2343 961 2417 autaliquem
982 2344 1126 2416 legentem
1148 2359 1198 2400 su·

61 2447 109 2506 dio.
147 2449 303 2508 Laudetur
328 2449 417 2506 Pater
443 2449 577 2508 eoelcstis.
620 2447 834 2506 Ourrfcssicuem
861 2449 1048 2508 ecclesiarum
1075 2447 1198 2506 Gallica-

60 2552 135 2610 rum⁶
155 2553 224 2613 dedi
247 2552 474 2613 describendum.
511 2551 569 2610 Ore
591 2557 731 2630 ueternum
752 2551 870 2610 Patrem
891 2551 998 2610 domiui
1018 2553 1109 2611 uestri
1128 2551 1199 2612 lesu

63 2656 167 2729 utristi,
189 2665 224 2716 ut
239 2656 410 2719 Celsitudini
428 2657 550 2728 Vestree,
571 2657 616 2714 cui
638 2673 682 2716 me
705 2663 875 2716 reverenter
896 2655 1071 2726 commendo,
1092 2661 1199 2728 augeat

60 2777 117 2820 sues
144 2763 257 2822 divinos
284 2761 453 2832 thesauros,
484 2760 617 2832 spiritum
645 2767 675 2817 et
701 2758 787 2818 fidem
813 2776 865 2834 per
885 2759 1030 2818 christum
1054 2759 1200 2821 deminum

59 2874 187 2924 nostrum.

82 3027 83 3030 ,
127 2971 287 3046 Geppingae
309 2975 326 3028 ti
348 2967 481 3030 Octobris
505 2972 588 3027 1561.

353 3073 559 3132 lllustrissimae
581 3073 767 3132 celsitudinis
788 3075 897 3134 Vestrae

808 3179 932 3236 servitor
953 3177 1127 3250 Ver·gerius.'

119 3337 223 3392 Hinten
243 3354 298 3391 von
318 3336 364 3390 des
383 3336 498 3404 herzogs
517 3335 607 3388 hand:

120 3427 181 3480 Hah
201 3427 217 3480 3
236 3425 382 3479 schreiben
401 3441 455 3478 von
474 3423 529 3478 ime
548 3423 736 3492 enipl'augen,
756 3422 837 3475 sovill
860 3421 902 3476 dis
921 3423 971 3476 dus
993 3423 1048 3476 ersi
1070 3421 1196 3492 belaugt,

60 3529 138 3566 muess
156 3529 221 3566 man
242 3513 371 3574 wartten,
390 3529 460 3565 wass
478 3527 541 3564 ause
558 3509 744 3565 Fruuckreich
764 3508 925 3579 gesehribeu
946 3508 1058 3570 wirdet;
1077 3507 1197 3562 welches

58 3597 96 3655 ich
112 3600 184 3654 mich
205 3599 328 3665 versihe„
342 3598 412 3652 noch
430 3596 579 3653 innerhnlb
600 3598 632 3650 10
651 3599 746 3664 tugen.

616 3713 631 3744 ss

121 3811 133 3861 1
153 3807 311 3863 Kathariuu
332 3825 357 3860 v.
374 3807 485 3861 Medici.

120 3897 271 3951 usne

122 3987 137 4037 3
155 3985 179 4038 S.
199 4003 225 4038 n.
246 3986 297 4040 123
315 3984 371 4036 und
392 3985 450 4036 121.

122 4075 138 4124 4
155 4074 180 4127 S.
200 4091 226 4126 n.
249 4071 307 4127 123.

123 4161 137 4212 5
154 4159 180 4213 S.
200 4160 248 4214 des
266 4159 382 4229 herzogs
401 4159 578 4230 benterkung
597 4177 629 4212 zu
648 4178 674 4212 n.
696 4161 753 4214 128.

122 4247 137 4298 6
154 4247 180 4301 S.
199 4266 225 4300 n.
247 4247 321 4300 127..
