2830 5078
46 331 105 382 1559
570 337 631 396 193

43 511 124 576 rogat,
144 503 219 576 quod
234 504 276 560 ita
290 501 444 574 existimet,
466 501 741 564 confoederationem
755 505 783 563 in
801 522 887 565 eausa
901 507 1048 581 religionis
1063 509 1171 572 ieoien-

43 608 99 663 ulam
128 607 272 682 (quoniam
292 623 339 665 res
360 608 397 664 sit
424 609 518 680 magni
546 609 694 684 momenti)
722 610 759 668 ud
790 610 916 684 reliquos
944 615 1087 688 principes
1108 633 1173 688 pro·

42 702 168 769 testantes
188 717 323 782 oportere
350 710 474 783 deterri,
508 719 537 770 et
563 721 719 786 propterea
744 715 907 774 oratoribus
935 719 1011 787 suis,
1043 736 1114 793 quos
1134 723 1171 780 ad

41 818 195 886 Augustaua
214 815 331 874 comitia
352 818 476 889 legavit,
508 819 536 875 iu
565 817 706 877 mandatis
735 818 867 892 dederit,
900 829 931 880 ut
960 821 1032 882 hane
1056 842 1169 885 oausam

40 925 144 990 agerent
165 937 229 978 eum
250 919 369 991 reliquis
389 921 573 994 principibus.

108 1025 157 1081 Vix
179 1031 277 1082 tamen
298 1029 400 1098 putet,
431 1043 514 1098 posse
545 1025 626 1098 lieri,
658 1035 689 1084 ut
716 1029 784 1086 talis
810 1029 1019 1090 ronloederatio
1048 1035 1171 1109 ineatur,

42 1131 117 1200 qualis
136 1130 209 1188 solet
236 1127 299 1185 lieri
328 1129 357 1184 in
385 1127 472 1186 rebus
500 1129 644 1202 profanis,
673 1129 822 1188 detensium
843 1133 954 1190 seilicet
975 1141 1063 1208 atque
1084 1137 1171 1196 etiam

42 1231 169 1290 oilensire.

106 1338 183 1395 Hane
204 1336 255 1394 illa
278 1335 451 1406 singularem
473 1331 561 1390 animi
582 1331 818 1404 propensionem,
849 1349 932 1404 uuam
961 1332 1171 1396 illustrissimus

40 1441 155 1513 princeps
176 1449 276 1498 vester
303 1455 372 1510 erga
400 1437 582 1508 majestatem
609 1435 688 1492 illius
716 1436 860 1502 ostendit,
893 1439 1055 1510 aequissime
1083 1440 1172 1500 inter·

43 1548 167 1611 pretatur.
208 1543 273 1600 Hoo
293 1548 389 1598 tamen
410 1537 501 1596 tibia
528 1553 573 1594 me
601 1537 691 1594 voluit
718 1537 887 1611 significari:
919 1539 1069 1614 Maiestati
1095 1545 1173 1604 illius

43 1662 169 1720 nunquam
190 1647 220 1704 io
243 1647 339 1703 auimo
360 1643 462 1712 fuisse,
489 1643 644 1714 prinoipem
673 1651 752 1702 tuum
779 1645 825 1712 ed,
838 1660 899 1702 eum
921 1663 1034 1706 eausam
1054 1651 1111 1708 isto
1125 1639 1173 1708 vol·

42 1752 114 1808 lieere
134 1750 237 1819 modo,
261 1757 294 1808 ut·
315 1751 387 1808 hano
407 1765 468 1806 rem
488 1747 524 1806 ab
545 1747 595 1804 illo
616 1749 776 1820 postulare,
800 1756 944 1822 utcunque
966 1759 1061 1812 tamen
1082 1757 1174 1826 petita

43 1857 182 1926 sitente
203 1856 355 1915 voluntate
377 1855 498 1928 quadam
522 1861 616 1912 vestro
644 1871 713 1926 ergo
740 1853 897 1927 prinoipem
927 1864 1051 1916 vestrum
1079 1867 1130 1918 aut
1156 1877 1174 1917 a

44 1961 124 2018 studio
145 1963 244 2035 aliquo
265 1963 296 2019 in
316 1977 366 2020 vos
392 1959 569 2032 quorundam
598 1963 760 2016 nostrorum
788 1957 945 2032 prolectam
974 1978 1052 2032 osse,
1083 1965 1173 2022 inter·

42 2065 142 2132 pretori.
183 2064 302 2122 Etenim
328 2080 393 2121 oum
424 2061 495 2120 nulli
523 2077 638 2120 suorum
661 2063 795 2133 majestas
816 2063 893 2120 illios
921 2065 1113 2139 mandaverit,
1142 2077 1174 2126 ut

43 2167 101 2224 hano
119 2183 177 2230 rem
198 2169 242 2227 sie
263 2174 457 2239 exponerent,
479 2166 604 2224 audierit
624 2173 721 2224 tamen
743 2183 778 2224 ex
799 2167 858 2226 tuis
879 2175 909 2226 et
928 2169 1091 2230 rationibus
1111 2173 1173 2246 qui·

43 2272 144 2332 busdam
164 2281 194 2334 et
216 2273 362 2347 prioribus
383 2275 471 2332 etiam
492 2273 613 2343 litteris,
645 2271 728 2330 valde
757 2281 785 2329 te
814 2272 888 2330 seire
909 2275 999 2346 velle,
1031 2277 1173 2350 quomodo

44 2377 132 2447 legatio
152 2396 169 2438 a
189 2377 371 2453 principibus
391 2376 631 2450 protestantibus,
660 2377 684 2435 si
712 2394 775 2449 ‹prae
801 2376 876 2436 l'orte
904 2381 1086 2452 mitteretur,
1117 2401 1174 2456 qua

45 2481 73 2537 erl
85 2484 304 2553 promovendum
322 2483 502 2556 euangelium
516 2483 695 2554 incitaretur,
710 2484 856 2555 majestati
867 2499 926 2540 sua
937 2484 1052 2557 probari
1069 2494 1173 2558 posset,

46 2600 131 2656 rupere
151 2591 250 2657 etiam,
272 2595 302 2646 te
323 2588 400 2652 iuter
421 2595 536 2646 eeteros
557 2594 702 2646 oratorem
722 2587 759 2646 ad
781 2605 831 2646 nos
844 2589 960 2646 'venire

107 2693 285 2752 Consiliariis
306 2699 367 2750 tum
387 2691 556 2766 quibusdum
577 2691 667 2759 illius,
694 2693 743 2765 qui
765 2693 817 2751 troo
838 2696 986 2766 negotium
1008 2711 1069 2752 eum
1090 2694 1169 2754 illius

46 2797 176 2868 majestate
199 2813 235 2857 eo
255 2804 386 2872 tempore
406 2801 569 2856 tractarunt
589 2794 707 2870 (quibus
729 2814 783 2868 ego
804 2803 865 2855 tum
886 2797 1066 2873 intereram),
1088 2817 1173 2873 quam

39 2899 148 2962 ,libenter
167 2905 269 2963 horum
290 2903 450 2976 principum
471 2901 567 2959 studia
582 2907 611 2959 et
625 2903 789 2960 voluntates
801 2902 1049 2974 complecteretur,
1070 2911 1171 2977 aperte

48 3007 162 3066 ostendit.

109 3112 143 3170 Et
162 3119 261 3172 tamen
283 3118 454 3187 anteaquam
481 3113 518 3172 ad
545 3129 581 3171 ea
608 3113 677 3185 quid
705 3119 784 3171 eerto
811 3119 971 3183 statueret,
1003 3114 1174 3198 responderi

48 3213 134 3287 uoluit,
164 3226 195 3277 et
215 3219 363 3291 principes
383 3219 479 3291 ipsos,
511 3220 560 3291 qui
581 3218 692 3289 legatos
719 3219 869 3276 mitterent
898 3223 928 3275 et
957 3223 1027 3290 quot
1055 3234 1176 3277 numero

48 3327 138 3392 esseut,
168 3329 199 3380 et
219 3323 282 3395 ipsa
302 3321 427 3394 legatio,
460 3321 530 3395 quid
549 3323 631 3393 sequi
652 3327 701 3379 aut
724 3337 780 3392 quo
802 3327 933 3394 spectare
955 3328 1067 3394 posset,
1100 3323 1174 3382 seire

51 3421 117 3480 uelde
136 3425 279 3498 cupiebat.

109 3527 230 3598 Quarum
251 3545 349 3588 rerum
369 3546 457 3602 quum
478 3535 555 3588 esset
574 3528 652 3588 illius
673 3529 810 3600 majestas
832 3525 908 3586 laeta
926 3529 1042 3597 certior,
1063 3537 1176 3589 mature

51 3631 94 3684 tum
112 3633 284 3705 respondere
307 3633 389 3701 velle,
410 3633 563 3706 perspicue
585 3631 667 3690 nubis
683 3630 871 3704 significabat.
904 3632 1015 3691 Praeter
1030 3633 1091 3692 haee
1106 3635 1175 3693 nihil

52 3739 112 3793 certe
130 3741 265 3811 majestas
286 3739 363 3796 illius
386 3740 415 3796 in
435 3737 490 3797 lree
511 3753 596 3797 cauea
617 3737 775 3811 respondit.

113 3840 147 3899 et
166 3850 279 3911 tamen,
301 3861 388 3916 quum
410 3844 471 3902 haeo
491 3861 538 3903 res
559 3843 706 3917 aliquanto
728 3844 841 3916 longius
862 3861 1015 3916 progressa
1036 3847 1080 3913 sit,
1103 3848 1178 3906 siout

53 3953 79 3994 er
94 3925 189 4004 litteris
210 3948 277 4018 tulo,
295 3949 356 4018 jam
377 3955 522 4020 postremo
548 3964 600 4020 per
626 3953 761 4017 nepotem
788 3954 869 4004 tuum
889 3947 945 4005 hue
965 3950 1066 4016 missis,
1088 3954 1177 4009 mani-

54 4040 110 4104 leete
127 4045 247 4124 intelligi
268 4059 372 4125 potest,
395 4055 486 4112 voluit
507 4055 643 4126 majestas
664 4070 725 4121 sua,
747 4059 779 4110 ut
800 4054 863 4124 ejus
883 4054 999 4110 nomine
1020 4052 1074 4112 tibi
1090 4057 1178 4128 sigui·

55 4143 161 4223 firmem,
186 4156 328 4229 singulari
354 4157 467 4244 euirlam
496 4156 640 4218 desiderio
672 4163 769 4214 vestre
800 4137 964 4214 illustrandi
995 4159 1175 4230 evangelium

56 4261 184 4317 servatoris
203 4261 295 4319 nostri
316 4261 386 4320 lesu
408 4261 516 4320 Christi
537 4263 651 4320 omuino
672 4279 703 4319 se
724 4263 777 4321 hoo
797 4263 935 4332 tribuere,
959 4264 1002 4319 oui
1026 4269 1177 4334 tantopere

96 4365 174 4422 Verger
937 4364 969 4418 13
