2830 5072
49 369 109 425 1562
575 373 636 433 327

47 545 89 619 qui
106 545 154 604 hoc
174 543 297 614 iacerem
321 560 410 618 quare
432 543 591 617 perieulum
614 547 674 613 est,
702 558 738 600 ne
760 541 839 614 Papo
860 558 923 600 eam
944 541 1178 617 nobistantum,

47 649 93 707 nisi
112 654 220 708 ematur
241 648 277 707 ab
299 664 349 720 eo,
380 650 429 723 qni
457 663 533 706 nunc
560 647 656 706 babet.
696 646 841 718 Dignatur
861 647 966 704 Vestra
985 647 1182 708 Illustriasima

46 753 180 811 Celsitndo
194 753 371 825 deliberare3
392 768 457 811 nam
475 752 572 812 duram
594 766 721 823 operam,
742 767 778 809 ne
800 750 881 810 nobis
901 749 1092 824 aufferrotnr;
1115 755 1181 812 novi

46 861 123 914 tetam
142 858 304 929 itbaatiam,
335 874 369 916 ac
390 858 444 915 nisi
466 858 504 915 sit
524 855 696 929 peregrinus
717 854 874 928 quispiam,
903 856 954 927 qni
982 861 1129 930 comparet
1150 863 1181 916 ot

46 962 149 1034 quidem
169 961 237 1034 cite,
258 961 389 1034 proiecto
410 960 597 1020 metuendum
618 965 672 1031 ost,
693 976 729 1020 ne
751 957 833 1018 nobis
848 959 1000 1032 adimatur,
1022 960 1181 1040 periculum

45 1065 125 1122 estin
146 1081 238 1124 mera.

110 1169 253 1228 Libellum
275 1167 477 1228 Germanicum
497 1167 614 1238 mittor,
636 1165 763 1226 haeserat
783 1168 859 1224 enim
879 1168 956 1226 inter
977 1169 1095 1242 multas,
1116 1186 1180 1242 quaa

45 1272 75 1328 ad
94 1289 135 1330 me
154 1272 276 1330 fuerunt
296 1289 332 1332 ex
353 1271 467 1330 Rhaetia
488 1271 591 1342 missa,
613 1269 735 1330 litteras.

111 1377 217 1434 Vestra
231 1376 428 1434 illustrissima
440 1373 589 1434 Gelaitudo
611 1372 746 1445 dignatur
766 1373 913 1445 mandore,
935 1380 967 1434 ut
989 1375 1179 1448 respondeam

43 1496 89 1550 ego
108 1479 174 1556 (per
196 1477 358 1553 generalia)
379 1478 417 1536 ad
437 1483 536 1538 ternas
557 1477 670 1536 litteras
691 1478 729 1536 ad
749 1478 827 1536 illam
848 1478 1039 1550 conscriptam
1069 1477 1180 1550 faciam,

42 1600 97 1640 nam
118 1583 164 1642 die
182 1582 263 1642 Jovis
284 1582 435 1642 habiturus
455 1599 517 1640 sum
538 1577 689 1652 nuntiari,
720 1581 771 1640 sed
793 1598 860 1640 vere
881 1599 934 1656 por
954 1583 1103 1656 generalia
1124 1584 1180 1640 crit

42 1687 264 1759 respondendum
291 1688 334 1746 illi
361 1687 522 1762 praesertim
544 1685 679 1746 Fabricio
694 1685 720 1758 ¹,
753 1685 801 1759 qni
827 1685 956 1744 libellum
977 1687 1179 1746 Germanicum

43 1793 136 1864 mittit3
158 1793 316 1866 Tiguriuus
338 1798 398 1863 est,
420 1792 566 1850 nonsatis
589 1789 706 1864 quidem
727 1807 825 1863 aquus
847 1791 952 1850 nostris
973 1791 1117 1863 eeclesiis,
1138 1791 1181 1850 di·

45 1895 105 1954 dicit
125 1897 239 1956 scilicet
259 1896 295 1955 ab
311 1895 375 1954 aliis
386 1895 530 1968 Tigurinis
542 1893 720 1968 posteriora
741 1894 810 1968 quid
831 1895 947 1966 scribut,
965 1912 1021 1954 nen
1038 1895 1180 1968 intelligo,

44 2003 197 2069 praesertim
217 2018 281 2058 cum
303 2001 388 2058 toties
409 2001 546 2074 loquatur
573 1998 609 2058 do
636 2014 701 2057 mea
727 1999 888 2072 legatione,
921 1999 1002 2072 quasi
1029 2015 1098 2072 ego,
1130 2001 1178 2073 qui

42 2103 125 2162 nullus
146 2105 262 2164 litteras
282 2105 425 2162 svestra
445 2102 623 2162 Oelsitndine
650 2103 803 2175 legationis
824 2117 878 2164 nec
898 2103 1031 2175 petierim
1053 2104 1179 2176 quidem,

40 2223 134 2267 nomen
148 2209 240 2281 legati
256 2207 466 2282 usurpaverim
482 2225 539 2266 non
554 2205 690 2274 iacerem,
702 2205 900 2266 illustrissime
916 2206 1067 2280 Princeps;
1089 2209 1180 2268 multo

39 2313 124 2392 verim
145 2314 261 2386 scripsit
280 2313 356 2373 alter
376 2317 474 2384 pastor
495 2309 662 2379 Gabiensi,
685 2312 875 2380 sincerusvir,
897 2328 985 2385 quare
1007 2329 1117 2380 vereor,
1139 2329 1175 2370 66

10 2421 14 2428 “
39 2413 63 2471 16
81 2416 129 2473 1116
151 2417 288 2476 Fabricio
308 2419 421 2476 vanitas
442 2415 573 2490 quedam
593 2413 682 2474 inerit
702 2422 753 2474 aut
772 2413 903 2474 fortassis
927 2417 1050 2488 malitia,
1079 2423 1176 2475 tamen

42 2518 221 2582 dissimulabo
242 2529 272 2580 et
293 2520 424 2594 quaedam
445 2520 511 2592 alia,
533 2536 597 2593 quae
618 2519 718 2579 scribit
737 2520 853 2578 minime
873 2536 951 2578 vera.

109 2626 197 2684 Istius
217 2625 339 2684 bominis
360 2625 602 2695 commemoratio,
624 2641 687 2682 cum
710 2624 865 2698 Tigurinus
888 2625 926 2683 sit
946 2625 992 2701 (nt
1013 2624 1097 2700 dixi),
1128 2625 1179 2682 ad·

39 2725 111 2786 116611
131 2729 201 2786 161111
222 2730 252 2786 16
273 2734 408 2800 montem,
430 2728 507 2801 quod
527 2728 564 2786 ad
580 2743 624 2786 rue
641 2729 748 2802 Tignro
762 2728 906 2798 scribitur,
928 2729 1050 2798 rediisse
1071 2729 1181 2788 scilieet

40 2845 70 2886 ex
89 2833 183 2891 Gallia
203 2833 230 2890 d.
251 2833 372 2892 Petrum
391 2832 576 2904 Martyrem⁸
597 2837 678 2891 tanta
695 2832 851 2905 jactantia,
881 2838 913 2890 ut
933 2831 1005 2890 nibil
1026 2849 1125 2904 sopra,
1148 2838 1180 2890 ut

38 2936 89 3004 jam
111 2954 209 2995 omncs
231 2938 361 3010 Tigurini
382 2943 514 3010 pastores
536 2937 633 2994 dieunt
654 2953 774 3010 regnum
796 2937 970 3008 Galliarum,
991 2939 1020 2995 in
1042 2937 1094 3008 his,
1116 2953 1179 3010 quae

40 3039 71 3096 ad
91 3041 259 3112 religionem
279 3041 435 3114 pertinent,
456 3057 573 3115 prorsas
585 3059 602 3100 a
616 3058 646 3099 so
662 3042 806 3114 pendere;
828 3041 901 3114 dieo,
923 3042 999 3114 quod
1019 3057 1066 3098 rea
1086 3047 1130 3099 est
1151 3047 1181 3099 et

597 3174 611 3207 *

106 3280 119 3332 1
141 3279 284 3334 iohannes
303 3278 446 3341 Schmidt,
473 3280 601 3348 genennt
619 3276 779 3340 Fabricius,
808 3279 872 3346 gab.
893 3278 958 3350 1521
979 3294 1011 3328 zo
1030 3274 1180 3344 Borgheim

39 3364 72 3418 im
92 3366 189 3432 Etrurii,
209 3366 264 3420 seit
284 3368 350 3422 1557
372 3365 534 3434 geiatlichor
553 3367 581 3419 in
602 3365 690 3428 Char,
712 3364 811 3418 freunu
831 3363 998 3434 Bullingers.
1035 3365 1051 3429 †
1070 3365 1085 3416 6
1104 3363 1181 3432 Sept.

40 3453 111 3506 1566.
145 3455 171 3508 S.
191 3455 260 3509 iiber
278 3451 327 3506 ihu
348 3454 382 3509 de
401 3455 485 3507 Porta
504 3453 537 3516 11,
562 3453 659 3508 27911.

105 3544 121 3595 2
141 3541 254 3612 Philipp
275 3542 411 3597 Gallicius
430 3541 532 3609 (661661
551 3543 657 3596 matter
677 3557 793 3604 namen3
819 3539 868 3594 dor
893 3539 982 3594 seines
1006 3541 1099 3594 vaters
1123 3555 1181 3592 war·

39 3627 123 3682 Adam
141 3631 247 3696 Salon),
278 3631 431 3699 geb.1504
456 3629 483 3682 in
504 3629 643 3683 Pontwila
661 3628 699 3681 im
718 3626 864 3697 Vinssgau,
890 3625 1003 3696 eifriger
1020 3625 1182 3680 beibrdarar

40 3715 86 3768 der
103 3717 280 3772 reformabion
299 3717 326 3770 in
346 3717 549 3780 Graubiiuden,
576 3717 629 3770 seit
657 3714 873 3778 resumetur,
893 3713 970 3768 siarb
990 3713 1056 3768 1566
1076 3729 1110 3765 an
1131 3712 1181 3766 der

39 3806 106 3870 pest.
130 3808 154 3860 S.
173 3807 242 3860 tiber
261 3806 309 3858 ibn
329 3805 374 3860 die
394 3805 582 3860 ausidhrliehe
595 3802 798 3874 monographis
810 3819 865 3856 ven
877 3800 958 3864 ltine,
978 3801 1007 3852 in
1026 3797 1181 3852 zeitschrift
1246 3826 1248 3830 .

41 3889 82 3942 mr
107 3891 148 3946 die
173 3893 339 3948 historische
364 3893 508 3962 theologie
534 3887 615 3956 1863,
644 3893 696 3946 313
714 3891 757 3954 it,
787 3891 864 3945 sensi
887 3889 921 3942 dc
941 3887 1025 3941 Porta
1043 3885 1072 3949 Ι,
1101 3885 1134 3936 29
1153 3883 1180 3938 ff.

40 3976 129 4046 Meyer
146 3979 166 4042 1,
185 3981 219 4034 63
239 3981 267 4035 et
285 3981 410 4049 sparsim.
439 3981 491 4033 Ein
510 3977 733 4048 eigenhtndiger
751 3976 826 4031 brief
843 3993 898 4030 von
911 3973 1045 4030 Gallicius
1064 3989 1099 4026 an
1118 3973 1180 4027 her-

40 4081 91 4134 zog
108 4065 261 4136 Christoph,
282 4068 340 4120 dat.
359 4069 392 4120 24
407 4067 464 4120 Mai
483 4067 558 4131 1564,
578 4065 649 4135 liegt
667 4065 705 4118 im
725 4063 833 4134 kbnigl.
853 4063 1062 4132 wiirti-amberg.
1085 4059 1180 4114 archiv

41 4151 88 4203 rel.
106 4155 183 4218 sach,
200 4154 314 4209 bitschcl
332 4155 375 4218 20,
395 4172 414 4222 g
432 4154 474 4207 23.
683 4211 689 4226 ‚

109 4242 123 4295 3
140 4242 165 4296 S.
184 4261 209 4296 n.
229 4244 288 4298 123.
316 4243 347 4295 21
363 4242 521 4296 November
541 4242 606 4295 1561
628 4257 686 4295 war
704 4240 813 4308 Martyr
831 4237 934 4292 wieder
952 4236 982 4288 in
1002 4233 1113 4296 Ztirich;
1134 4232 1179 4285 die

42 4323 412 4398 benzoniseh-evangelisehe
423 4327 521 4382 kircha
536 4344 594 4381 war
606 4325 761 4396 ailardings
773 4323 822 4378 der
840 4320 1029 4376 lutherisohen
1046 4318 1179 4387 richtung

43 4428 111 4480 gam
127 4416 291 4473 entiremdet
310 4416 432 4471 worden.
