2830 5078
756 387 818 450 224

215 558 320 630 possim
341 571 456 616 oenmm
477 554 583 614 Christi
601 557 713 628 juvare,
735 557 790 614 etsi
811 571 869 613 non
890 554 988 614 desint
1007 553 1057 611 alii
1078 552 1203 613 labores.

293 661 433 732 Tubingoe
454 659 501 718 die
522 659 550 716 X
570 659 641 716 Maii
661 675 736 717 0000
757 657 879 718 MDLK

372 763 576 822 illustrissima
598 763 785 822 celsitudinis
805 763 919 822 Vestrae
940 761 1212 820 observantissimus

643 847 649 858 ’
1122 865 1290 936 Vergerius.
1407 861 1408 932 ξ

285 989 302 1026 0
320 969 531 1042 Eigenhltndige
548 968 770 1040 entsohliessung
783 969 832 1024 des
845 969 976 1040 betaogs:
1004 968 1072 1023 »soll
1090 968 1146 1022 ime
1165 969 1353 1038 geantwnrttet
1406 937 1408 984 ¹

217 1059 334 1123 werden,
353 1059 405 1114 wie
425 1058 528 1127 hiebey
546 1057 593 1112 ioh
611 1073 640 1113 es
658 1055 808 1112 deonotiert
825 1056 908 1112 haba
1407 1053 1408 1056 ’

289 1146 309 1200 1)
329 1146 382 1199 »Er
400 1145 525 1202 sohreibe
543 1145 630 1201 selbot
649 1146 712 1201 dem
725 1143 979 1216 kaniginBehem
998 1143 1131 1200 sohiekhe
1150 1144 1204 1198 mir
1223 1143 1269 1198 die
1286 1141 1352 1204 briei,

215 1231 274 1300 will
293 1232 339 1286 ioh
358 1231 501 1287 derneben
514 1232 539 1286 ir
550 1229 699 1302 kuniglich
713 1230 819 1286 wirden
832 1231 906 1286 anah
917 1231 948 1286 in
962 1230 1072 1286 meliori
1086 1230 1176 1285 forme
1195 1229 1352 1285 sohreiben.‹
1406 1217 1408 1234 ⁴

216 1319 243 1374 S.
263 1321 302 1375 br.
322 1320 364 1373 91.

753 1559 827 1616 92s.

295 1685 460 1752 Confessio
482 1687 629 1770 generosi
653 1687 779 1752 comitis
802 1688 832 1752 d.
856 1686 936 1751 Julii
959 1709 979 1751 0
1001 1685 1122 1752 Thiene
1146 1650 1319 1752 Visontini.

296 1815 409 1888 Credo,
442 1817 517 1889 quod
544 1818 685 1877 confessio
707 1819 877 1891 Augustam
898 1825 928 1876 ot
949 1815 1089 1876 confessio
1109 1817 1295 1875 illustrissimi
1313 1817 1352 1876 do-

218 1921 285 1980 mini
305 1921 385 1980 duois
401 1919 686 1995 ‘Vuirtambergensis
715 1923 863 1982 contineat
889 1921 993 1981 bonam
1021 1929 1052 1980 et
1071 1937 1170 1994 sanam
1190 1921 1352 1990 doctrinam

218 2025 282 2085 dieo
301 2025 417 2097 iterum,
439 2024 525 2098 quod,
547 2025 577 2084 in
598 2033 736 2100 quantum
756 2043 786 2085 se
809 2026 939 2085 extendit
959 2042 1023 2084 mea
1043 2025 1252 2099 intelligentia,
1274 2027 1352 2084 habeo

215 2129 763 2200 1110000000(100101000000010000.
806 2132 951 2204 Quantum
978 2137 1075 2190 autem
1100 2131 1206 2189 attinet
1234 2131 1270 2189 ad
1297 2132 1353 2189 arti·

215 2234 310 2292 culum
332 2231 524 2305 euolraristiae,
545 2234 706 2304 audieram,
721 2236 804 2308 ,qnod
826 2236 856 2292 in
877 2235 921 2294 his
942 2235 1071 2294 ecelesiis
1091 2234 1263 2307 tenebatur,
1291 2235 1352 2308 qnod

217 2353 321 2409 eorpus
335 2335 442 2394 Christi
463 2338 576 2396 veniret
595 2337 631 2394 ad
652 2337 857 2396 includendam
877 2354 908 2395 se
928 2338 1006 2396 intus
1025 2338 1055 2394 in
1075 2317 1126 2396 illo
1138 2353 1229 2411 pene;
1248 2337 1312 2396 ideo
1329 2343 1353 2394 nt
1407 2369 1408 2410 ι

216 2441 413 2502 satisfacerem
433 2457 504 2500 meae
525 2442 723 2514 conscientiae,
744 2442 822 2502 volui
843 2442 921 2500 clare
941 2442 1021 2515 loqui
1041 2447 1128 2515 atque
1149 2441 1268 2526 addere,
1289 2440 1352 2513 quod
1407 2479 1408 2515 3

214 2562 269 2619 ego
288 2545 362 2604 illud
384 2563 441 2604 non
472 2544 642 2618 credebam,
675 2546 726 2605 sed
754 2545 832 2619 quod
859 2545 1028 2616 credebam,
1059 2563 1105 2605 me
1134 2545 1352 2605 manducarem
1406 2591 1407 2622 3

215 2665 299 2732 coena
319 2649 453 2709 dentibus
471 2649 542 2732 'fidei
562 2658 592 2709 et
612 2650 1111 2724 001011000οι·οω00000011111101,
1134 2652 1194 2710 nati
1206 2653 1236 2709 in
1249 2651 1351 2720 mundo,
1372 2689 1378 2710 .
1406 2689 1407 2692 ,

217 2756 323 2814 mortui
343 2756 373 2814 in
395 2771 479 2814 cruce
501 2763 532 2814 et
551 2757 716 2816 resuscitati
736 2773 789 2828 pro
811 2775 871 2825 me,
901 2762 931 2813 et
951 2755 1050 2814 bibere
1078 2772 1160 2814 suum
1188 2756 1352 2830 sangninem,

216 2859 267 2919 sed
287 2859 324 2918 de
344 2859 440 2932 modo,
461 2877 519 2934 quo
539 2859 741 2918 manducarem
764 2876 867 2932 eorpus
888 2857 996 2917 (lbristi
1017 2866 1047 2916 et
1067 2854 1196 2918 biberem
1217 2861 1351 2933 0100000-
1405 2857 1406 2862 ’

216 2963 347 3037 guinem,
376 2963 452 3036 qnod
473 2962 655 3034 nesciebam,
685 2962 737 3022 sed
757 2979 801 3021 me
823 2962 866 3020 ita
885 2962 1026 3047 erederet,
1056 2965 1124 3036 quia
1144 2963 1275 3024 Christus
1293 2963 1351 3040 mibi

216 3067 298 3140 dixit,
320 3069 397 3140 quod
418 3067 537 3126 eomedo
557 3082 659 3137 corpus
680 3073 711 3124 et
730 3064 798 3124 bibo
819 3067 986 3138 sanguinem
1008 3067 1079 3138 ejus.

293 3173 376 3232 Nune
396 3179 493 3231 autem
512 3172 588 3232 addo
609 3171 732 3245 emplius
760 3177 790 3229 et
809 3187 855 3228 me
877 3171 1008 3244 declaro,
1030 3171 1094 3230 dieo
1116 3175 1207 3245 enim,
1237 3191 1282 3232 me
1300 3190 1350 3232 ore·
1404 3207 1405 3224 2

218 3277 298 3346 dere,
319 3276 396 3350 quod
417 3278 466 3350 qni
486 3276 610 3337 eomedit
630 3293 734 3350 panem
755 3283 784 3335 et
799 3275 873 3336 bibit
885 3277 982 3335 vinum
1002 3278 1031 3334 in
1053 3294 1144 3350 ooena,
1165 3294 1223 3336 non
1242 3276 1351 3336 eomedit

215 3397 309 3454 neque
330 3381 415 3440 sumit
435 3381 513 3441 nude
532 3386 644 3440 tentum
665 3381 755 3455 signa,
776 3380 828 3439 sed
849 3385 881 3440 ut
901 3381 971 3440 dixi.
1009 3381 1079 3439 Haeo
1099 3389 1144 3440 est
1163 3398 1273 3441 summa
1291 3396 1350 3440 meae

216 3481 403 3542 confessionis
424 3487 455 3541 et
475 3481 562 3557 fidei,
593 3489 768 3556 paratusque
796 3499 859 3542 sum
883 3483 982 3544 doceri
1004 3491 1034 3544 et
1055 3493 1225 3559 acceptare,
1255 3489 1279 3546 ei
1297 3486 1350 3559 quis
1403 3543 1404 3552 ,

216 3587 317 3646 melius
338 3604 383 3646 me
405 3586 544 3647 docuerit.

287 3689 428 3745 Der'unter
446 3706 501 3744 ron
526 3690 574 3744 des
600 3676 714 3760 herzogs
740 3689 830 3745 hand:
870 3707 934 3760 »eye
963 3692 1000 3746 ist
1024 3691 1068 3746 nit
1096 3692 1190 3749 lueida
1214 3693 1268 3747 und
1291 3690 1348 3750 elur.
1402 3725 1403 3742 ι

215 3776 368 3832 darumben
387 3793 417 3831 er
434 3777 506 3832 auoh
525 3775 570 3832 uit
587 3776 687 3845 longer
705 3774 734 3830 in
752 3775 873 3832 meinem
891 3777 973 3834 lendt
990 3778 1122 3836 beleiben
1141 3780 1264 3836 wellen«

766 4042 813 4100 93.

420 4167 573 4235 Nicolaus
596 4167 742 4234 Radzivil
765 4193 807 4235 on
831 4170 949 4255 herzog
972 4169 1155 4254 Christoph.

617 4301 712 4359 Wilna
733 4307 750 4358 4
771 4301 853 4360 Mtrz
877 4304 961 4360 1560.

522 4421 676 4476 prasentia
696 4421 830 4475 Wildbad
851 4424 882 4475 15
902 4422 960 4477 Mei
980 4424 1055 4476 1560.
