2910 5080
79 389 141 444 1553
622 395 662 458 61

75 571 102 625 et
120 564 189 637 aliis,
211 562 398 639 quibusopos
406 563 504 637 ment,
525 565 613 625 etiam
633 565 720 626 simili
741 565 836 628 edicto
851 583 886 628 ac
898 567 951 628 sub
967 571 1128 643 sententis,
1149 588 1217 631 een·

75 673 141 730 suris
161 676 190 730 et
216 671 311 748 poenis
330 656 541 730 ecclesiasticis
557 671 724 744 inhibendi,
751 675 909 748 ceteraque
934 677 964 734 in
991 674 1147 748 premissis
1168 691 1218 735 ue·

73 775 189 834 cessaria
209 789 262 834 seu
274 775 492 848 quomodolibet
502 782 664 851 opportuna
685 775 818 849 faciendi,
840 777 988 838 statuendi
1010 785 1041 838 et
1060 779 1216 840 ordinandi

73 879 176 951 plenam
198 883 229 939 et
248 879 373 940 liberam
392 880 551 954 apostoliea
570 882 744 942 auctoritate
772 887 874 942 tenore
902 883 1086 955 presentium
1115 899 1217 945 couce-

75 983 155 1043 dinus
174 983 346 1044 facultatem
367 993 398 1044 et
417 992 607 1060 potestatem,
630 1001 687 1045 uon
707 985 889 1046 obstantibus
909 987 1163 1048 constitutionibus
1185 996 1217 1048 et

74 1087 293 1151 ordinationibus
318 1091 485 1166 apostolicis
506 1091 669 1165 catenisque
688 1089 854 1152 'contrariis
883 1092 1118 1167 quibuscumque.
1160 1093 1217 1154 Da·

73 1200 125 1252 tum
145 1202 199 1254 etc.

616 1477 668 1537 ob.

371 1598 496 1686 Verger
519 1621 561 1664 eu
582 1599 703 1686 herzog
725 1599 911 1686 christoph.

424 1709 502 1768 Ohur
521 1711 560 1796 28
580 1709 752 1787 September
774 1714 857 1772 1553.

131 1813 241 1884 Wegen
255 1813 310 1868 der
322 1812 507 1868 ferrarisoben
520 1811 639 1869 heiraih.

131 1909 278 1965 Gedruekt
301 1908 347 1964 bei
366 1907 471 1964 Sattler
492 1908 540 1974 IV,
562 1928 583 1964 s.
606 1911 648 1966 64.
672 1909 737 1966 beil.
756 1912 798 1966 24.
835 1911 891 1966 Das
916 1913 1037 1984 original
1056 1915 1093 1970 im
1119 1916 1216 1972 archiv

71 2004 139 2058 nicht
155 2005 236 2060 mehr
255 2003 443 2060 auiuufindeu.
481 2005 536 2060 Der
555 2005 663 2076 aufang
681 2005 792 2062 scheiut
811 2025 845 2061 zu
866 2007 969 2063 iehleu.

137 2105 285 2176 Aperiam-
309 2103 356 2162 hic
385 2119 514 2162 seorsum
541 2120 602 2162 rem
631 2104 757 2179 aliquam
788 2107 884 2179 magni
914 2108 1060 2166 momenti.
1094 2108 1215 2170 Ducissa

70 2207 227 2268 Ferrariae¹
249 2225 312 2268 non
332 2209 425 2266 solum
445 2208 570 2268 libenter
592 2209 676 2270 deret
699 2208 788 2268 filiam
816 2212 954 2298 majorem
980 2219 1049 2272 natu
1080 2213 1107 2272 d.
1135 2213 1216 2274 ducis

70 2312 200 2374 saxoniae
221 2313 431 2388 primogenito,
453 2314 504 2372 sed
526 2315 613 2377 etiam
634 2315 718 2374 daret
738 2315 1215 2378 minoremuathestranelsitu·

70 2418 134 2478 dinis
143 2417 202 2478 filio
211 2417 232 2477 ².
255 2419 334 2491 Quin
346 2421 414 2490 scio,
437 2417 538 2478 ducem
556 2421 648 2494 ipsum
659 2401 804 2480 Ferrauiae
816 2422 946 2495 eiusdem
961 2423 1049 2482 animi
1069 2440 1141 2496 esse,
1163 2439 1215 2484 suo

72 2525 175 2595 quidem
195 2513 347 2600 tempore,
369 2541 434 2584 nam
455 2525 550 2584 seiont
569 2523 658 2585 filium
679 2541 742 2586 esse
763 2532 873 2586 tenerae
894 2528 997 2588 estatis.
1038 2527 1096 2588 Sed
1116 2528 1216 2588 scribit

71 2629 101 2688 ad
119 2647 162 2690 me
183 2631 312 2702 ducisse,
334 2636 367 2689 ut
386 2647 475 2712 quum
495 2630 533 2690 ad
545 2629 752 2690 Celsitudinem
764 2631 895 2692 Vestram
916 2632 1045 2704 rediero,
1079 2633 1213 2707 incipiam

73 2740 175 2794 tentare
196 2736 315 2797 animos
335 2741 366 2794 et
386 2735 534 2794 materiam
555 2751 730 2810 praeparare.
771 2736 929 2796 Rarissima
954 2744 999 2796 est
1020 2754 1055 2797 ea
1074 2737 1215 2810 conditi03

71 2843 259 2914 paterpuellae
272 2841 333 2900 dux
353 2847 399 2900 est
418 2839 495 2898 inter
516 2855 614 2900 omnes
634 2840 726 2901 ltelim
742 2841 887 2916 principes
898 2841 1090 2902 nobilissimus
1101 2848 1130 2900 et
1146 2839 1213 2902 doc-

71 2943 202 3019 tissimus,
234 2951 334 3006 mater
363 2945 440 3018 regis
462 2943 619 3005 Galliarum
650 2945 728 3019 filia,
760 2947 811 3006 dos
831 2947 953 3006 maxima
974 2952 1005 3005 et
1024 2962 1093 3020 rege
1115 2945 1211 3021 digna,

70 3053 160 3120 puella.
174 3053 239 3127 ipsa
259 3050 470 3110 formosissima
494 3057 524 3109 et
551 3051 635 3110 valde
660 3051 734 3110 bene
760 3051 883 3112 educata
908 3053 938 3110 in
965 3053 1042 3110 omni
1070 3053 1209 3118 virtutum

69 3171 173 3226 genere.
203 3157 365 3230 Rogandns
378 3161 462 3228 pater
475 3135 602 3218 coelestis
618 3173 670 3230 per
689 3157 788 3216 Jesurn
800 3156 953 3216 Christum.
983 3157 1011 3216 (1.
1032 3163 1161 3218 nostrum
1180 3164 1212 3216 ut

70 3258 147 3322 iaciat
165 3265 245 3336 ipse,
268 3262 347 3336 quod
368 3261 473 3321 bonum
494 3261 587 3322 estin
609 3263 697 3321 oeulis
718 3262 785 3321 suis.
826 3263 928 3322 Coram
951 3263 1082 3337 pluribus
1101 3263 1155 3322 bac
1176 3264 1212 3323 de

70 3381 194 3442 magam
215 3361 283 3428 eum
304 3368 410 3426 Vestra
431 3366 622 3438 celsitudine,
643 3367 691 3427 cui
711 3384 757 3427 me
777 3375 948 3428 reverenter
969 3368 1145 3428 commendo.

137 3471 234 3532 Curiae
255 3461 426 3534 Rbaetorum
447 3473 486 3530 28
506 3471 685 3546 Septembris
708 3474 793 3532 1553.

178 3605 181 3612 ·
275 3581 277 3584 ’
968 3577 1133 3650 Vergerius.

624 3773 650 3828 6.

370 3891 495 3978 Verger
516 3914 558 3957 an
582 3893 701 3978 herzog
724 3891 907 3978 Christopb.
956 3977 958 3980 Ι

375 3981 377 3992 ’
421 4005 501 4066 cunr
521 4008 558 4066 29
580 4005 751 4080 September
773 4007 858 4066 1553.

130 4107 322 4190 Nacbrichteu
342 4107 412 4164 inber
430 4107 477 4164 die
494 4108 637 4165 turbiscbe
657 4109 744 4166 flotte.

139 4185 337 4268 Illustrissime
357 4214 388 4268 et
407 4203 657 4268 Excellentissime
697 4203 820 4268 Domine
842 4207 920 4269 Dux!
954 4250 956 4255 .

133 4361 189 4416 18.
208 4361 249 4417 br.
269 4383 296 4419 n.
315 4365 341 4418 2.
622 4327 638 4363 *

131 4445 146 4497 2
164 4445 307 4506 Eberhard
326 4444 390 4518 ge’b.
410 4451 424 4504 7
443 4449 686 4521 1511551154515
705 4448 908 4520 Mbmpelgard,
929 4449 945 4515 †
963 4447 980 4502 2
997 4446 1054 4504 Mai
1075 4448 1157 4506 1568..
