2830 5072
761 343 823 406 336
1291 338 1346 393 itit

217 514 358 588 impedire
386 514 432 590 (ιιι
458 515 542 586 plene
572 513 628 573 leci
655 520 686 574 et
715 512 812 590 facio),
853 515 885 571 In
914 530 1024 572 summa
1044 514 1153 572 Vestra
1172 513 1346 572 Illustrissima

217 619 367 678 Celsitndo
388 620 468 690 sciat,
489 635 535 676 me
556 634 619 676 esse
639 618 670 676 in
691 619 799 691 optimo
820 617 900 687 loco,
927 623 988 675 tum
1008 633 1062 689 pro
1083 594 1236 689 evangelio
1254 633 1346 690 promo·

217 725 326 795 vendo,
359 730 419 784 tnm
439 740 492 796 pro
513 725 567 782 boc
587 739 672 796 passu
693 740 743 781 seu
765 723 910 793 transitu,
929 738 979 796 ,ne
999 725 1029 780 in
1049 719 1176 797 mann[s]
1208 721 1347 780 antichristi

215 843 267 884 seu
288 843 405 884 suornm
425 826 553 884 incidere
574 826 673 898 possit,
696 841 752 897 qua
772 825 808 882 de
829 839 862 882 re
877 823 971 896 velim,
988 823 1093 884 Vestra
1109 825 1346 884 IlnstrissimaCel·

217 931 313 990 sitndo
333 931 409 990 bono
430 933 468 990 sit
488 934 592 989 enimo.

295 1036 410 1094 Mittam
431 1036 468 1094 ad
496 1035 647 1094 concilium
673 1033 768 1092 statim
790 1032 916 1106 aliquem
940 1033 1113 1104 prudentem
1133 1036 1242 1107 uirum,
1269 1051 1346 1108 quam-

217 1140 408 1215 qnnmandio,
430 1155 546 1212 magnes
568 1155 631 1197 osse
651 1136 845 1210 difficultates,
867 1138 945 1211 quod
966 1140 1077 1199 scilieet
1094 1140 1257 1200 Tridentini
1268 1123 1360 1213 patres

216 1245 391 1320 impediaut3
420 1249 586 1304 scrutantur
606 1245 682 1302 enim
703 1243 842 1315 sollicite,
864 1243 932 1316 quid
954 1245 1075 1318 quisque
1096 1245 1143 1302 sit.
1185 1245 1241 1303 Hic
1260 1245 1347 1302 babent

217 1368 301 1424 nora,
322 1350 400 1424 quod
414 1349 544 1408 nonnulli
555 1349 749 1421 Hispanorum
765 1348 964 1420 episcoporum
980 1351 1134 1420 protestati
1150 1350 1214 1421 sint,
1238 1365 1268 1408 se
1286 1349 1347 1406 nullo

218 1456 303 1514 modo
324 1457 384 1528 pati
404 1455 498 1522 velle,
528 1459 561 1511 ιιι
581 1452 661 1524 Papa
681 1453 781 1510 Romae
808 1452 926 1512 decreta
955 1453 1125 1524 concinnet,
1157 1469 1221 1526 quse
1243 1452 1347 1524 episcop'

218 1559 349 1618 Tridenti
369 1560 564 1633 pronuntient,
587 1558 638 1615 sed
659 1575 691 1615 se
705 1557 780 1615 velle
795 1559 977 1628 concinnere,
999 1573 1056 1614 non
1071 1556 1157 1614 modo
1169 1559 1348 1627 pronuntiare,

219 1665 296 1738 quod
317 1669 361 1722 est
381 1679 467 1720 unum
488 1678 524 1720 ex
545 1665 606 1734 tis,
618 1663 695 1735 quod
716 1664 787 1721 meis
807 1663 911 1721 libellis
932 1661 1042 1720 Italicis
1062 1661 1207 1720 admonui.

297 1769 413 1828 Habent
444 1770 531 1827 etiam
562 1785 636 1828 nova
663 1768 699 1826 de
727 1767 851 1841 quodam
880 1767 1013 1840 episcopo
1034 1766 1147 1824 Bitunti
1171 1767 1202 1824 in
1223 1783 1348 1825 carcerem

218 1875 369 1948 conjecto,
401 1873 477 1947 quod
506 1873 626 1932 formam
653 1873 767 1932 concilii
795 1872 992 1945 reprehendit.
1032 1872 1106 1930 Item
1137 1873 1173 1930 de
1204 1871 1348 1931 marchione

218 1977 374 2038 Pischariae
388 1976 546 2035 Mediolani
562 1977 756 2048 gubernatore
772 1975 789 2046 ¹,
811 1977 859 2049 qui
875 1975 1045 2033 Tridentum
1062 1975 1152 2035 luerit
1171 1983 1241 2035 ante
1261 1993 1348 2050 pencos

218 2081 280 2140 dies
300 2078 463 2154 profectus,
491 2085 523 2138 nt
550 2085 780 2153 protestaretur,
809 2085 841 2138 ut
869 2096 952 2151 aeqna
972 2087 1140 2140 servaretur
1160 2083 1272 2140 concilii
1289 2082 1349 2138 ratio

217 2193 305 2260 atque
325 2183 425 2244 forma,
456 2183 560 2254 Audio,
585 2200 763 2242 communem
789 2200 851 2242 esse
871 2183 1049 2256 prudentum
1069 2185 1216 2243 hominurn
1237 2201 1287 2257 per
1303 2184 1349 2242 lte·

218 2292 287 2349 liam
308 2290 495 2360 sententiam,
517 2293 550 2346 ut
569 2288 667 2346 statim
687 2303 705 2346 a
725 2286 920 2345 celebratione
940 2287 1054 2347 concilii
1073 2289 1152 2347 bella
1170 2294 1349 2362 prorumpant.
1407 2269 1408 2280 ¹

219 2395 249 2454 Si
264 2395 343 2452 Deus
365 2393 479 2452 dederit
500 2392 578 2464 milri,
599 2397 632 2450 nt
652 2394 757 2464 possim
778 2391 1009 2468 (qualiscumque
1029 2394 1097 2470 sim)
1118 2393 1249 2464 efficere,
1269 2402 1299 2452 nt
1315 2395 1349 2452 bic

110 2517 112 2521 ·
217 2515 318 2572 passus
338 2505 389 2557 aut
409 2499 547 2558 transitus
568 2504 764 2567 conservetur,
785 2497 864 2570 Papa
885 2514 999 2570 semper
1017 2501 1073 2557 erit
1088 2500 1237 2571 sollicitus,
1258 2515 1292 2558 ne
1309 2516 1350 2572 per

218 2605 294 2663 hunc
314 2605 424 2676 possint
450 2603 479 2660 in
500 2603 613 2662 Italiam
638 2604 731 2661 nostri
759 2603 867 2662 milites
892 2603 1024 2674 irruere3
1055 2605 1201 2662 cariturus
1225 2611 1270 2662 est
1294 2617 1349 2674 ergo

217 2727 303 2784 passu
324 2715 354 2768 et
374 2715 485 2770 metuet
505 2710 558 2768 sibi
580 2726 597 2767 a
616 2725 711 2782 passu.
742 2710 775 2767 In
795 2709 901 2768 litteris
922 2709 1058 2768 Romame
1078 2709 1114 2766 ad
1135 2725 1182 2767 me
1203 2710 1276 2768 dens
1294 2707 1350 2767 scri-

217 2816 300 2884 bunt,
321 2814 428 2887 Papam
448 2813 599 2872 mandasse
621 2812 734 2872 cuidam
754 2814 892 2872 monacho
913 2811 1085 2885 Bririensi⁹,
1107 2819 1140 2872 ut
1159 2815 1232 2872 meis
1251 2811 1349 2880 libellis,

221 2936 292 2994 qnos
312 2919 348 2977 de
370 2919 490 2977 concilio
510 2919 620 2991 scripsi,
641 2917 845 2991 responderet,
874 2935 905 2976 se
931 2918 1007 2975 enim
1028 2916 1116 2977 fuisse
1136 2919 1221 2978 valde
1241 2933 1347 2977 commo·

135 3018 148 3043 ⁰
219 3030 289 3095 tum,
311 3039 373 3080 cum
394 3023 430 3081 de
451 3022 508 3080 illis
523 3021 659 3080 audisset.
687 3019 800 3079 Deinde
815 3021 951 3093 scribunt,
974 3023 1135 3094 quempiam
1149 3021 1255 3082 dixisse
1266 3023 1348 3095 Papae,

219 3145 265 3186 me
292 3143 356 3186 esse
382 3133 544 3199 mortuum,
575 3141 664 3198 quare
692 3141 749 3184 non
774 3125 948 3184 mediocrem
976 3125 1090 3186 dedisse
1117 3127 1230 3186 loetitiae
1255 3123 1347 3200 signifi·

218 3235 370 3293 nationem.

296 3337 388 3397 Valeo
408 3337 602 3408 mediocriter,
622 3336 665 3394 ita
684 3341 718 3394 ut
738 3351 860 3409 sperem,
882 3351 927 3394 me
938 3337 1086 3411 perendie,
1107 3338 1163 3398 hoo
1176 3345 1221 3398 est
1239 3339 1296 3412 ipso
1313 3350 1349 3392 re·

217 3442 405 3503 surrectionis
425 3442 472 3500 die
494 3444 746 3514 concionaturum,
777 3441 853 3514 qnod
874 3458 983 3500 summo
1004 3442 1110 3514 gaudio
1131 3441 1241 3502 faciam.
1279 3441 1350 3499 Com·
1403 3467 1404 3480 ι

292 3609 305 3661 1
326 3607 443 3661 Pesearu
464 3623 519 3662 wer
539 3623 592 3661 von
614 3607 681 3662 1560
693 3606 736 3660 bis
749 3545 869 3661 0010&
890 3607 956 3662 1562
976 3607 1139 3662 etatthelter
1158 3625 1214 3662 von
1226 3601 1349 3664 Mailandt

218 3695 345 3767 zugleich
362 3713 421 3750 wer
441 3712 471 3749 er
489 3695 560 3749 anch
580 3691 719 3749 zeibweise
732 3693 894 3762 spanischer
909 3695 1059 3763 gesandter
1071 3693 1144 3748 beim
1157 3693 1348 3750 Tridentinum;

217 3787 277 3840 sein
295 3781 461 3851 nechfolger
478 3782 507 3835 in
526 3780 653 3836 Mailcnd
674 3799 731 3835 war
750 3779 886 3834 Gonsnlez
900 3780 1045 3835 Fornando
1059 3781 1093 3836 de
1107 3781 1242 3847 Cordova,
1259 3781 1347 3845 bereng

218 3889 272 3927 von
292 3870 378 3925 Sesea.
415 3869 441 3924 S.
460 3870 501 3923 br.
520 3887 547 3924 n.
568 3869 626 3922 196.
1244 3871 1250 3876 “

288 3959 304 4011 2
323 3957 359 4010 Er
371 3954 438 4010 hiess
451 3955 590 4026 Hippolyt
602 3954 758 4010 Ghiznnole.
787 3955 842 4008 Der
854 3955 919 4010 titel
938 3955 1028 4011 scices
1047 3957 1150 4012 buches
1168 3956 1218 4010 ist:
1235 3953 1348 4022 Risposlu

218 4044 337 4114 d'Ippol.
357 4043 505 4098 Chizcuola
531 4043 587 4098 elle
612 4042 776 4098 bestemmie
802 4045 955 4098 contenute
978 4043 1008 4097 in
1033 4046 1076 4098 tre
1104 4043 1195 4098 scritti
1222 4042 1248 4096 di
1272 4037 1347 4092 Paolo

220 4131 356 4202 Vergerio
375 4134 474 4185 contra
492 4130 652 4186 l’indizione
672 4132 715 4186 del
742 4131 860 4187 concilio
879 4131 956 4201 publ.
975 4133 1012 4186 da
1030 4132 1079 4186 Pio
1098 4132 1145 4185 lV.
1170 4134 1263 4188 Vener.
1281 4125 1346 4180 1562,

219 4220 326 4288 Verger
349 4218 458 4273 schrieb
484 4235 574 4288 gegen
602 4219 666 4273 ihn:
703 4220 738 4272 Αἱ
756 4218 873 4274 Fratelli
899 4217 1019 4274 d'Italin.
1055 4219 1089 4272 Di
1114 4237 1152 4272 un
1178 4219 1246 4273 libro
1267 4214 1292 4268 di
1310 4211 1345 4266 fra

217 4305 308 4374 Ippol.
327 4303 474 4358 Chiczuoln
495 4305 531 4357 da
551 4305 662 4360 Breseia
682 4298 757 4362 1563.
786 4306 811 4359 S.
828 4305 894 4363 ,Sint
914 4325 935 4360 s.
953 4307 1005 4361 475
1019 4306 1047 4362 ff.
1067 4309 1127 4361 601.
1147 4325 1173 4360 n.
1193 4307 1223 4359 87
1241 4301 1291 4357 und
1309 4299 1344 4352 88.

218 4393 314 4462 Serap.
334 4411 361 4446 ιι.
382 4392 440 4447 124.
478 4392 522 4446 Br.
541 4411 568 4448 n.
588 4394 646 4448 165.
668 4395 726 4448 170.
747 4395 806 4449 lit.
826 4395 886 4448 176.
907 4396 964 4449 179.
