2862 5080
759 313 819 372 386

203 484 205 488 ’
297 435 573 556 untergexxllll
595 481 703 554 Aprilis
726 481 809 538 1563.

446 587 651 645 Illustrissimae
672 583 859 644 celsitudinis
879 582 993 639 Vestrae
1014 583 1140 641 servitor

801 686 804 692 '
1085 681 1086 691 ’
1119 685 1290 758 Vergerins.

289 803 348 856 nur
362 803 425 857 dem
443 801 550 856 rileken
570 798 623 854 von
642 800 691 853 des
710 798 826 868 herzogs
846 798 936 852 haud:

291 899 406 953 Meister
417 898 548 952 Baltasar
561 898 577 961 ¹,
596 896 624 952 lv
642 895 738 950 wellet
756 895 815 950 dise
828 894 909 963 beide
921 896 1058 962 concepta
1072 893 1200 964 Vergerii
1212 911 1249 948 en
1269 894 1357 948 dnoenn

219 985 326 1040 Prussie
345 986 402 1040 und
428 985 532 1038 scolam
549 981 731 1054 Regiomonti
750 982 840 1036 lessen
859 982 917 1035 und
941 999 990 1036 eur
1011 980 1196 1034 bedenokhen
1215 980 1359 1050 separatim

218 1074 406 1136 annoitieren‚
427 1072 482 1126 dan
501 1069 576 1123 mich
595 1068 747 1134 beduneht,
766 1084 794 1121 es
812 1084 876 1135 seye
896 1085 966 1120 wass
986 1067 1058 1119 auvil
1079 1066 1277 1122 allectioniert.

762 1297 828 1354 181.

521 1426 647 1512 Verger
670 1447 712 1490 en
733 1425 854 1508 herzog
876 1421 1062 1508 Christoph.

579 1557 729 1630 Tllbingen
751 1541 789 1614 24
809 1555 893 1628 April
917 1557 1000 1613 1563.

288 1677 377 1732 Bittet
396 1694 443 1730 um
462 1675 631 1748 ausfolgung
650 1677 741 1732 seiner
759 1675 1019 1746 fruchtbesoldung'.

296 1773 491 1831 illustrissIme
512 1773 650 1846 Princeps
671 1779 701 1830 et
722 1775 844 1832 Donune
864 1775 987 1831 Domine
1009 1773 1256 1832 Clementissime!

295 1878 401 1935 Vestra
415 1875 613 1934 Illustrissima
627 1875 787 1947 Celsitudo,
807 1893 860 1950 pro
881 1893 933 1934 suu
953 1893 1058 1948 magua
1079 1877 1239 1948 elementia,
1263 1878 1363 1934 eonsti-

216 1981 313 2041 tuei'et
332 1981 403 2038 mihi
423 1979 552 2054 quaedurn
573 1977 724 2046 frumenta,
747 1978 899 2050 quaemihi
921 1995 939 2035 a
959 1979 1073 2036 seniore
1095 1978 1247 2036 cellerario
1267 1979 1363 2036 daren-

215 2083 290 2144 tnr¹.
318 2083 414 2156 Quare
428 2084 452 2142 Is
466 2083 671 2154 interrogatus,
692 2087 725 2140 ut
739 2081 831 2154 daret,
845 2082 1012 2155 respondit,
1033 2097 1064 2140 se
1086 2082 1219 2141 daturum
1240 2083 1362 2156 quidem,

215 2189 344 2260 sednon
364 2194 432 2246 ante
454 2187 573 2260 Georgii
593 2184 708 2244 festum.
748 2187 903 2264 Aequievi,
925 2193 988 2245 edm
1014 2189 1195 2260 audivissem,
1223 2190 1268 2248 sic
1292 2187 1362 2247 ferre

215 2277 342 2364 rnorem,
363 2293 423 2366 'qui
452 2297 496 2349 est
524 2291 553 2348 in
582 2289 696 2348 ducatu.
738 2289 809 2348 Cum
835 2307 904 2350 vero
931 2291 1083 2351 advenerit
1108 2271 1218 2350 festum*
1239 2293 1362 2366 Georgii,

170 2408 172 2420 ’
215 2397 305 2472 petivi
318 2398 433 2467 iterum,
454 2395 612 2466 respondit,
626 2411 735 2454 morem
748 2411 820 2466 esse,
841 2402 875 2454 ut
888 2403 1052 2469 exspectem
1064 2415 1118 2470 per
1131 2398 1242 2470 aliquot
1254 2414 1363 2456 menses

214 2502 318 2560 adhue.
356 2502 450 2573 Quare
473 2516 559 2572 cogor
581 2500 616 2557 ad
639 2499 770 2558 Vestram
790 2500 1015 2558 Illuslrissimem
1037 2501 1255 2574 OelsitndInem,
1278 2503 1362 2560 domi·

215 2590 282 2664 rrum
303 2622 398 2686 meum
420 2603 681 2674 elementissInrum,
705 2619 875 2674 accurrere,
905 2621 968 2676 quse
988 2620 1033 2661 me
1055 2606 1084 2662 in
1106 2605 1160 2664 lroe
1180 2623 1297 2680 quoque
1318 2621 1362 2663 ne·

216 2709 295 2784 gotio
323 2709 459 2780 dignetur
486 2707 656 2778 sublevare3
687 2707 733 2764 oui
759 2723 804 2763 me
832 2713 1001 2765 reverenter
1028 2709 1205 2767 commendo.
1247 2709 1311 2767 Pax
1337 2715 1362 2766 et

214 2815 309 2890 gratie
330 2813 437 2872 domini
460 2813 552 2870 nostri
572 2813 642 2870 Iesu
664 2811 771 2870 Christi
791 2828 855 2869 cum
875 2811 935 2869 ille.
1201 2807 1204 2812 ’

293 2918 352 2978 Ubi
372 2917 490 2989 videro,
522 2933 617 2974 meum
644 2915 803 2988 nepotem⁸
827 2934 863 2974 ex
884 2916 990 2974 drrsetu
1011 2918 1039 2974 in
1061 2917 1209 2974 Prussiem
1228 2917 1361 2986 adivisse,

215 3041 270 3097 ego
289 3025 319 3081 in
340 3023 504 3081 Helvetism
524 3020 619 3078 abibo.

272 3185 273 3188 ,
294 3127 433 3200 Tubingae
453 3125 571 3184 XXIIII
591 3125 699 3197 Aprilis
722 3127 806 3184 1563.

440 3231 644 3290 Illustrissimae
666 3229 852 3290 celsitudinis
874 3230 986 3289 Vestrae
1006 3232 1131 3290 servitor

1115 3335 1282 3408 Vergerins.

755 3519 820 3576 182.

477 3715 478 3718 ¹
518 3641 643 3727 Verger
666 3664 708 3706 en
730 3643 849 3728 herzog
872 3607 1057 3726 Christoph.

599 3771 750 3844 Tllbiugen
770 3773 788 3828 8
808 3772 871 3830 Mai
894 3773 978 3830 1563.

282 3890 334 3943 Bin
359 3890 706 3961 smpfehlungssohreiben
732 3891 776 3945 fiir
801 3892 846 3958 die
873 3873 946 3946 nauh
965 3891 1111 3958 Stuttgert
1137 3887 1280 3944 reisenden
1301 3886 1357 3939 Lit-

211 3983 321 4039 thauer.

777 4087 792 4118 ss

282 4176 296 4227 1
316 4175 497 4240 Bidembeeh,
517 4179 564 4234 des
584 4180 701 4248 herzogs
721 4179 910 4250 helprediger.
1004 4213 1006 4220 ·

281 4263 298 4315 2
316 4261 343 4316 S.
362 4280 390 4316 n.
412 4264 462 4318 169
480 4265 538 4320 und
558 4267 616 4320 170.

279 4347 450 4415 seoretius,
471 4369 493 4405 s.
511 4369 539 4404 n.
560 4352 618 4407 180.
640 4355 728 4410 1829..
