2830 5078
58 377 116 432 1559
580 380 640 441 189

121 545 277 608 Dominotio
305 554 355 608 tua
382 549 548 608 meminerit
573 548 645 620 mei;
675 563 731 606 non
758 543 828 606 dioo‘
849 545 981 619 amplius.
1027 547 1182 622 Nunquam

53 654 122 726 potui
140 653 308 726 intelligere,
330 671 474 728 quoquam
495 667 600 713 revera
620 649 768 726 proiectus
788 657 866 708 esset
886 649 1096 710 illustrissimus
1124 652 1181 710 dux

53 763 142 816 vester.
172 756 240 816 Cum
261 774 354 817 essem
368 756 494 830 Etingae,
516 755 613 815 audivi
634 771 686 826 pro
708 758 797 825 certo,
819 769 885 812 eum
906 752 994 812 luisse
1012 753 1109 824 badae,
1130 755 1183 814 sed

53 861 203 934 ubicumque
224 861 322 932 inerit,
342 861 451 935 rogabo
472 863 626 921 Dominum
645 877 699 934 pro
719 876 773 918 soa
792 859 973 918 excellentia.

117 965 178 1024 Non
200 972 245 1026 est
265 983 350 1045 opus,
377 966 492 1026 domine
512 967 619 1038 Paule,
645 965 779 1024 ut'uobis
806 979 894 1036 cogar
921 963 1043 1036 amplius
1063 981 1181 1038 persua-

54 1069 109 1127 dere
128 1077 157 1128 et
176 1070 377 1130 oomruendare
397 1072 472 1130 banc
492 1087 621 1143 causam,
649 1087 734 1144 quam
762 1071 791 1127 in
819 1069 950 1127 matribus
969 1071 1074 1128 vestris
1094 1071 1182 1128 collo·

55 1174 109 1242 cavi,
124 1174 360 1248 quandoquidem
380 1173 449 1231 milri
469 1172 592 1242 videtur,
614 1172 690 1245 qnod
711 1188 773 1242 vos,
795 1173 845 1244 qui
866 1169 1036 1230 deseruistis
1057 1172 1132 1232 bona
1152 1179 1183 1232 et

52 1279 181 1336 commoda
201 1279 289 1351 hujus
316 1277 434 1346 mnndi,
466 1282 499 1334 ut
525 1292 579 1348 pro
606 1275 682 1334 virili
707 1275 855 1347 augeretis
881 1275 1003 1348 gloriam
1024 1276 1131 1337 (lbristi
1153 1284 1182 1337 et

52 1399 99 1440 soa
120 1384 266 1455 ecclesias,
298 1399 355 1442 non
375 1381 501 1456 possetis
521 1387 623 1455 optare
643 1380 837 1453 pulchriorem
857 1383 1035 1440 occasionem
1056 1382 1183 1442 intrandi

50 1487 73 1542 in
90 1493 215 1558 apertum
238 1503 369 1560 campum
397 1493 427 1543 et
447 1485 610 1558 explicandi
630 1484 735 1544 vexilla
756 1490 856 1543 contra
876 1485 1084 1545 Antichristom
1104 1503 1184 1545 snus·

51 1607 95 1662 qne
112 1593 268 1663 practicus,
297 1607 332 1648 eo
353 1579 533 1662 potissimum
553 1595 699 1661 tempore,
730 1605 786 1662 quo
807 1592 867 1660 ipse
889 1589 1042 1664 sperabat,
1074 1593 1183 1650 auxilio

49 1710 148 1753 snomm
168 1693 434 1755 confoederatorum
456 1709 540 1766 posse
561 1693 709 1752 debellare
729 1693 938 1753 illustrissimos
956 1695 1099 1770 principes
1111 1697 1184 1756 Ger·

51 1799 148 1857 mania.

114 1902 167 1962 Sed
192 1902 356 1962 laudandos
375 1903 469 1974 Deus,
501 1902 549 1974 qui
570 1917 637 1961 suas
663 1903 830 1961 consolatus
858 1908 902 1961 est
929 1921 1103 1977 magnopere
1129 1909 1185 1966 ista

49 2007 145 2079 llngliae
165 2009 337 2077 mutatione,
359 2025 416 2082 qna
435 2008 564 2068 ostendit
583 2010 657 2066 viam
678 2007 856 2080 principibus
871 2009 1108 2082 protestantibus,
1129 2027 1186 2085 qua

49 2111 144 2179 possint
163 2128 198 2170 se
220 2113 332 2170 munire
354 2119 454 2171 contra
474 2129 541 2170 snos
562 2111 752 2171 adversarios.

115 2217 200 2288 Quod
220 2215 257 2275 ad
278 2233 324 2274 me
345 2215 459 2286 attinet,
480 2213 561 2273 vobis
581 2211 708 2286 allirmo,
729 2213 844 2272 domine
864 2213 970 2274 Paule:
996 2218 1116 2289 quodsi
1137 2235 1184 2277 re·

48 2318 103 2388 gina
121 2321 274 2381 Elisabeth
295 2337 353 2380 uon
371 2321 421 2380 fiet
443 2337 508 2378 cum
527 2335 579 2378 sno
600 2335 691 2392 regno
715 2325 755 2378 'cx
782 2325 845 2378 toto
874 2319 1033 2380 christiana
1060 2331 1090 2382 et
1117 2341 1184 2384 con·

47 2419 175 2486 loederata
189 2427 421 2498 protestantium,
443 2441 501 2483 non
515 2430 617 2498 potero
634 2425 746 2498 eulpam
763 2422 895 2483 conferre
916 2427 971 2484 nisi
991 2428 1020 2484 in
1040 2429 1185 2503 principes

50 2533 72 2583 et
88 2535 178 2590 status
200 2503 387 2600 Germania,
412 2532 462 2603 qui
482 2531 681 2588 recusaverint
702 2521 848 2602 suscipere
874 2529 1068 2605 oblationem,
1100 2550 1183 2607 quarn

50 2630 116 2692 Deus
133 2637 196 2696 illis
215 2635 295 2694 lecit.

113 2741 170 2800 Sed
193 2741 262 2800 mibi
282 2740 413 2810 videtur,
434 2739 511 2813 quod
532 2739 636 2813 aliquis
656 2741 725 2798 mibi
746 2745 844 2811 posset
864 2740 936 2799 illud
957 2740 1103 2816 objicere,
1134 2762 1182 2805 sus

49 2843 198 2906 Minervam
219 2845 313 2904 docet.
352 2845 487 2919 Ignoscat
506 2843 576 2902 mihi
597 2845 753 2904 dominatio
775 2850 884 2916 vestra,
907 2848 974 2920 quia
993 2849 1092 2918 rapior
1110 2851 1182 2923 zelo,

51 2951 91 3008 sed
108 2969 164 3010 non
187 2950 327 3022 hnmano;
349 2948 475 3008 credatis
495 2947 575 3006 mibi.

114 3053 331 3128 supplicemus
351 3051 558 3123 dominationi,
589 3056 621 3110 ut
645 3051 669 3110 si
696 3051 821 3111 voluerit
846 3053 972 3114 seribere
999 3057 1045 3116 vel
1065 3059 1182 3118 mittere

49 3157 238 3230 inAugliam,
267 3157 396 3231 digneris
414 3173 472 3215 uon
493 3157 578 3215 modo
598 3156 781 3230 significare,
809 3158 878 3230 qnid
899 3177 1060 3220 successum
1087 3161 1186 3235 luerit,

49 3268 188 3336 postquam
209 3281 270 3322 rem
291 3269 380 3322 totam
402 3262 543 3323 detuleris
563 3263 600 3322 ad
621 3261 847 3322 illustrissimum
862 3263 963 3324 donem
977 3273 1113 3340 uestrum,
1135 3269 1187 3327 sed

51 3366 164 3427 seribere
186 3369 274 3427 etiam
295 3369 407 3442 aliquas
427 3355 642 3440 instructiones,
664 3369 765 3442 quibus
786 3371 878 3429 nostri
898 3373 1010 3443 possint
1030 3389 1062 3430 se
1082 3373 1186 3445 guber·

51 3485 109 3530 nare
128 3474 157 3531 in
178 3471 424 3532 confoederatione
445 3473 502 3532 ista
521 3475 728 3546 promovenda,
756 3493 813 3547 qua
833 3477 863 3533 in
883 3491 915 3533 re
937 3481 1033 3534 vester
1052 3457 1186 3551 princeps

50 3572 192 3642 plurimum
212 3581 309 3648 potest
330 3575 461 3646 efficere,
483 3577 627 3652 quianon
648 3556 719 3636 satis
741 3583 785 3638 est
805 3579 890 3652 velle,
911 3581 964 3640 sed
977 3585 1187 3657 oportetscire,

52 3680 182 3746 quomodo
202 3681 345 3752 agendum
366 3686 396 3739 et
417 3676 630 3753 exsequendum
651 3680 697 3738 sit.

122 3785 300 3858 Quamquam
318 3801 372 3858 ego
392 3785 463 3845 nibil
483 3783 622 3857 dubitem,
645 3785 713 3858 quin
734 3785 791 3844 ista
811 3787 939 3858 practica
958 3789 997 3848 sit
1008 3805 1187 3866 successura,

53 3891 137 3948 tamen
166 3891 296 3948 nonnihil
325 3891 432 3961 timeo,
463 3905 499 3948 ne
520 3891 576 3948 ista
596 3889 702 3961 legatio
724 3889 890 3964 Gallicana,
922 3907 986 3966 qnae
1013 3895 1050 3953 ad
1070 3897 1189 3957 comitia*

52 3991 209 4064 Angustana
229 3995 363 4068 mittitur,
384 3996 421 4053 sit
441 3995 524 4053 nobis
544 3997 642 4068 aliquo
663 3995 878 4068 impedimento.

123 4100 214 4171 Quare
234 4101 312 4158 volui
332 4101 485 4173 monuisse,
505 4105 539 4158 nt
558 4100 595 4158 ab
616 4116 652 4158 ea
671 4105 818 4160 caveatur.
857 4102 976 4175 Pergite
1003 4101 1129 4162 feliciter
1156 4104 1187 4162 in

54 4213 133 4270 opere
152 4211 245 4278 ooepto
266 4205 304 4263 ad
325 4185 447 4276 gloriam
467 4205 522 4264 Dei
544 4211 574 4262 et
593 4221 653 4262 suae
674 4205 818 4278 ecclesiae,
847 4207 884 4264 ad
910 4205 1047 4266 honorem
1069 4213 1099 4266 et
1120 4225 1187 4266 con-

56 4304 213 4368 solationem
239 4315 400 4368 vestrarum
430 4308 657 4369 dominationum
684 4316 715 4368 et
741 4312 897 4369 amicorum
918 4317 1087 4370 vestrorum.
1128 4313 1186 4370 Ro·

57 4406 122 4476 tabo
139 4408 299 4488 Dominum,
320 4419 353 4472 nt
372 4431 422 4473 vos
443 4412 593 4473 confirmet
613 4421 644 4472 et
664 4413 832 4477 corroboret
850 4416 880 4472 in
900 4413 955 4474 bac
975 4431 1062 4474 causa
1081 4417 1186 4489 impor-
