2830 5072
698 462 705 478 .
754 381 818 444 278
861 401 866 410 ·
1291 372 1347 428 lhdl

211 555 303 621 mitto.
325 553 432 613 domini
453 551 612 613 Baldnini¹
635 551 786 625 litteras¹,
815 557 846 612 et
869 551 939 610 mihi
966 565 1080 625 qnoque
1108 549 1182 608 alias
1202 547 1241 607 ab
1262 548 1349 608 eodan
1413 523 1414 564 5

212 657 319 730 attulit,
341 675 405 732 qua
426 661 456 718 in
476 675 591 718 summu
607 657 678 716 nihil
699 657 808 717 habent
829 657 925 722 alind.
946 657 1017 726 nisi,
1039 663 1072 713 ut
1092 670 1158 713 meo
1179 653 1279 725 nepoti
1298 669 1349 711 cre·

212 763 320 835 derem,
342 763 391 837 qui
413 769 510 822 tamen
529 762 660 842 dictante
682 761 866 821 d.Baidnino
888 759 1045 833 scripserat.
1064 759 1212 831 precipua
1233 757 1351 828 quadam

212 869 326 942 capita,
357 883 421 940 qne
442 867 509 926 mihi
538 865 666 938 referet,
699 871 728 924 et
756 882 810 939 ego
837 870 938 938 postea
959 863 1164 922 Illustrissimae
1190 859 1352 920 Celsitndini

211 972 325 1030 Vestra
345 971 485 1043 referem,
514 987 577 1046 qne
598 978 665 1030 suut
685 970 858 1044 hujusmodi.
899 971 1046 1028 Primores
1059 967 1077 1035 ⁸,
1099 969 1148 1040 qui
1170 982 1293 1038 regnum
1311 963 1352 1022 ad-

211 1075 376 1134 ministrant
395 1073 463 1151 (ait)
485 1091 548 1134 esse
569 1075 739 1146 inclinatos,
768 1081 801 1134 ut
822 1072 1031 1134 confessionem
1053 1077 1254 1145 Augustauanr
1276 1071 1352 1129 susci-

212 1181 307 1254 piunt,
338 1179 405 1238 odio
426 1185 522 1238 autem
544 1179 678 1253 prosequi
699 1195 767 1249 eos,
800 1181 849 1253 qui
878 1181 907 1237 in
929 1195 991 1236 eam
1014 1193 1071 1236 non
1090 1176 1296 1246 consentiunt,
1324 1173 1352 1233 ob
1413 1251 1414 1258 ἵ

211 1283 316 1342 multas
335 1299 445 1340 causas.
486 1280 643 1352 Nobiles⁴,
675 1281 724 1355 qui
745 1281 861 1340 suntin
884 1297 919 1338 eo
939 1297 1043 1353 regno,
1065 1279 1164 1340 favere
1186 1278 1352 1338 calviniana

212 1389 380 1453 sententie:
411 1401 511 1445 rernm
531 1385 609 1445 inter
629 1386 681 1444 bos
703 1402 766 1444 esse
793 1385 952 1458 permultos
978 1383 1156 1458 professione
1177 1385 1294 1454 milites,
1314 1381 1353 1455 qni

212 1491 346 1551 ridentur
365 1491 448 1550 bonis
469 1489 671 1550 ecciesiasticis
691 1489 813 1548 inhiare.
844 1489 963 1548 Plebem
981 1507 1051 1549 vero
1072 1497 1159 1564 atque
1174 1489 1281 1560 vulgus
1300 1503 1353 1546 esse

213 1595 394 1670 papisticum.
436 1595 531 1668 Quare
552 1609 656 1666 magna
677 1610 748 1667 opus
769 1609 832 1653 esse
852 1594 1009 1669 prudentia
1029 1602 1117 1668 atque
1144 1595 1297 1661 cantione,
1325 1608 1353 1650 ne

218 1701 282 1774 quis
302 1717 339 1758 ex
358 1700 402 1758 his
423 1699 572 1758 ordinibus
593 1699 785 1758 exacerbetur
812 1699 985 1759 attentasse
1012 1717 1093 1759 arma
1118 1707 1258 1782 moveret.
1299 1699 1354 1757 Non

217 1822 280 1865 esse
302 1822 395 1880 spem,
416 1812 448 1864 ut
468 1811 547 1863 totus
567 1815 690 1878 papatus
711 1823 786 1865 nunc
806 1823 863 1865 uno
884 1806 943 1864 ictu
965 1806 1132 1876 aboleatur,
1152 1803 1204 1864 sed
1226 1803 1353 1862 adhiben-

216 1911 282 1969 dam
301 1911 390 1968 talem
411 1909 647 1978 moderationem,
669 1927 733 1984 qnae
754 1927 809 1970 non
831 1912 915 1970 vaide
929 1911 1088 1985 quempiam
1105 1928 1141 1969 ex
1155 1911 1199 1968 his
1215 1908 1353 1968 ordinibus

213 2021 419 2086 commoverem
441 2015 581 2087 imprimis
602 2031 658 2073 non
680 2023 763 2088 putat
784 2016 954 2079 consultum.
976 2022 1008 2072 ut
1028 2016 1088 2073 ulia
1108 2015 1205 2073 inhoc
1220 2015 1352 2088 principio

213 2119 264 2179 fiat
285 2119 392 2178 merrtio
413 2119 449 2177 de
470 2121 592 2179 articulo
614 2137 703 2180 coenae
726 2121 890 2180 Dominicse.
931 2120 988 2179 Sed
1009 2121 1064 2190 ait,
1085 2119 1139 2177 sibi
1161 2136 1224 2178 esse
1245 2119 1353 2177 manda·

213 2230 283 2294 tum,
304 2231 336 2282 ut
357 2225 488 2283 consulat
510 2224 654 2284 doctiores
676 2232 706 2284 et
726 2226 940 2299 prudentiores,
963 2227 1012 2300 qui
1032 2224 1061 2281 in
1078 2224 1235 2283 Germania
1255 2224 1352 2282 habeu-

213 2335 275 2396 tur,
307 2329 344 2388 de
372 2330 557 2402 concipienda
579 2338 608 2388 at
629 2331 743 2404 scriptis
764 2338 851 2405 atque
873 2331 1030 2390 autoritate
1057 2330 1212 2388 vetustatis
1233 2346 1353 2402 compro·

213 2433 309 2492 banda
336 2431 476 2502 formula,
510 2439 540 2492 ut
562 2433 673 2494 scilicet
695 2423 803 2506 vulgari
824 2435 923 2507 lingua
943 2433 1015 2510 (non
1036 2435 1154 2507 Latina)
1176 2439 1206 2492 et
1228 2435 1311 2492 missa
1329 2439 1353 2492 et

213 2537 336 2612 reliqua
355 2553 457 2610 preces
477 2538 507 2596 in
528 2537 643 2612 templis
664 2539 849 2610 haberentur,
871 2545 904 2597 ut
923 2539 1046 2598 tollatur
1065 2539 1197 2598 adoratio
1218 2540 1246 2596 in
1268 2539 1353 2609 missa,

215 2649 245 2703 et
265 2643 331 2700 aliae
351 2643 497 2700 orationes
517 2641 611 2714 palam
634 2641 744 2713 impiae;
765 2648 852 2716 atquo
873 2641 949 2698 idem
969 2643 998 2698 in
1020 2642 1162 2713 baptismo
1181 2639 1241 2709 fiat,
1264 2647 1295 2697 ut
1308 2641 1353 2697 sci·

214 2747 284 2806 licet
303 2747 371 2806 talis
390 2747 567 2816 retineatur,
596 2747 689 2820 quatis
715 2753 778 2805 erat
806 2748 834 2804 in
856 2746 1002 2820 primitiva
1023 2747 1156 2804 ecclesia.
1197 2745 1298 2820 Neque
1318 2745 1353 2801 nl-

214 2853 306 2911 terius
327 2867 401 2911 nune
421 2858 537 2926 putaret
558 2868 622 2910 esse
642 2851 902 2925 progrediendum,
931 2853 1091 2924 praesertim
1112 2850 1189 2924 qnod
1208 2851 1252 2908 his
1271 2850 1353 2908 trihus

214 2958 333 3016 mutatis
353 2955 437 3014 facile
457 2963 561 3030 postea
581 2963 761 3015 mutarentur
780 2957 908 3030 reliqua;
930 2963 1017 3030 atque
1037 2957 1151 3014 interea
1171 2967 1227 3013 non
1250 2954 1353 3012 desine·
1411 3001 1412 3006 ,

215 3067 281 3120 rent
302 3062 536 3132 concionatores,
567 3059 671 3119 docere
703 3067 790 3134 atque
816 3077 922 3132 urgere
950 3059 1187 3134 justificationem
1207 3057 1352 3118 secuudum

214 3174 329 3224 nostras
350 3163 504 3236 ecclesias3
526 3168 614 3237 atque
634 3161 689 3221 hoc
709 3161 833 3222 affirmat
854 3179 917 3222 esse
934 3163 1092 3235 consilium,
1114 3169 1202 3236 atque
1217 3163 1352 3234 bucspec·

784 3285 800 3319 a

287 3379 349 3434 lS.
371 3397 398 3432 n.
420 3379 489 3432 120:

284 3466 344 3522 28.
365 3465 493 3521 n-121e.

286 3552 475 3608 BBesonders
494 3555 589 3608 Anton
611 3571 666 3609 von
685 3555 814 3610 Navarra
833 3553 929 3609 stellte
956 3555 1031 3616 sich,
1059 3553 1100 3610 als
1124 3553 1161 3608 ob
1186 3570 1218 3608 er
1241 3554 1288 3608 der
1304 3551 1353 3604 hu·

217 3642 338 3710 gustans
365 3639 481 3711 geneigt
506 3647 588 3698 wttre.
624 3641 715 3696 Schon
745 3641 800 3696 seit
827 3641 933 3712 aniang
959 3641 1006 3696 des
1029 3640 1124 3710 jahres
1150 3640 1236 3694 stand
1262 3640 1352 3704 herrog

217 3725 366 3797 christoph
384 3725 414 3779 in
432 3726 546 3797 eifriger
574 3729 794 3798 correspondent
824 3727 877 3781 mih
901 3727 960 3781 ihm
984 3729 1042 3781 und
1066 3727 1165 3782 suchte
1187 3726 1239 3781 ihn
1266 3728 1353 3781 immet

216 3813 296 3868 mehr
315 3813 377 3870 dem
395 3815 656 3884 protestantismus,
675 3815 824 3870 bescnders
843 3815 909 3870 ebor
929 3815 978 3869 der
996 3813 1237 3886 augsbnrgischen
1257 3811 1350 3869 confes-

215 3901 275 3956 sion
305 3901 481 3957 nnnnfiihren.
517 3903 583 3957 Juni
613 3903 1100 3966 1561werhelchiorsmhausen‚
1127 3902 1288 3973 Christophs
1307 3913 1351 3968 go-

215 3989 387 4044 wbhnlicher
405 3991 540 4060 gesnndte
559 3990 589 4044 in
603 3991 782 4055 Franlrreicb,
802 3991 875 4045 auch
887 3991 992 4045 wieder
1010 4008 1055 4044 nm
1074 3990 1278 4046 franchoischen
1293 3984 1351 4040 hofe
1411 4045 1412 4048 ,

217 4077 272 4131 tund
306 4077 386 4131 hatte
416 4077 446 4130 in
481 4077 570 4132 dieser
606 4079 689 4133 sache
727 4079 934 4134 unterhandelt.
981 4078 1062 4133 Diese
1096 4077 1350 4142 unterhandlungen

215 4166 328 4221 fdhrten
355 4183 389 4218 zu
416 4165 524 4231 nichts,
556 4165 620 4222 weil
648 4167 694 4222 die
722 4167 875 4222 deutschen
904 4168 1097 4236 protestanten
1126 4165 1240 4233 nneinig
1265 4175 1350 4216 waren
1411 4175 1412 4210 i

214 4253 273 4307 und
298 4251 343 4306 die
366 4251 522 4308 Francosen
546 4254 645 4308 immet
669 4254 749 4309 mehr
774 4254 823 4308 der
848 4253 1027 4310 reformirten
1053 4249 1208 4307 confession
1230 4249 1283 4304 sich
1302 4263 1349 4298 ru-

252 4339 340 4394 item.

216 4357 251 4396 ne
264 4359 301 4481 g4
320 4425 472 4480 Besonders
489 4425 534 4481 die
554 4426 709 4482 Chatillons
727 4428 787 4482 und
805 4428 883 4483 sonat
901 4429 947 4484 ein
966 4427 1070 4499 grosser
1087 4427 1160 4484 theil
1177 4428 1223 4484 der
1239 4420 1314 4480 adab.
