2830 5072
78 335 134 396 itti
603 341 664 408 265

73 521 177 576 rentum
196 517 225 574 in
246 513 307 576 dies
328 520 359 574 et
370 514 456 574 horas
473 513 644 588 suspectari.
676 512 772 586 Quare
786 477 920 579 subsisto,
936 510 1004 572 dum
1015 517 1208 586 compareant,

72 639 103 681 ne
115 623 168 680 illis
182 621 321 693 rideatur,
342 633 396 692 per
415 634 461 678 me
482 619 607 688 stetisse,
629 617 781 692 quominus
800 615 839 676 ad
860 615 1034 690 colloquium
1054 617 1207 689 venissem,

71 727 111 786 rel
129 725 193 784 dum
213 725 374 798 intelligam
395 739 446 782 eos
473 723 530 782 alia
551 723 598 780 vin
624 722 654 780 in
679 721 793 780 ltaliam
820 720 977 781 redituros.
1018 719 1208 782 Exhibuimus

70 847 120 889 una
137 847 198 890 cunr
219 830 247 888 d.
265 829 387 888 Polonis
405 827 543 888 studiosis
557 827 744 888 celsitudinis
757 827 871 896 Vestrae
891 825 1005 886 litteras
1025 841 1078 900 pro
1094 824 1206 885 Polono

69 934 242 995 adolescente
272 936 301 993 iu
332 949 478 994 carcerem
504 934 636 1007 conjecto
663 933 776 1004 senatui
797 931 1020 1006 Argentinensi,
1047 930 1098 1005 qui
1124 929 1205 996 dixit,

70 1039 295 1108 requestarum,
327 1055 363 1096 ne
383 1036 492 1097 frustra
512 1035 622 1096 inerint
642 1036 773 1110 scripta,
801 1035 856 1096 sihi
884 1042 980 1096 autem
1002 1051 1065 1096 asae
1086 1051 1206 1110 respon·

70 1143 197 1220 denium,
226 1143 275 1203 uhi
295 1143 431 1204 dederint
450 1143 581 1215 litteras,
608 1143 730 1202 mittam.
772 1141 843 1204 Ores
870 1157 953 1201 mnne
984 1157 1066 1202 meus
1093 1139 1206 1214 nepos¹

68 1250 92 1308 in
111 1250 232 1310 Galliam
254 1249 384 1310 discedet
404 1248 443 1325 (si
464 1249 543 1308 Deus
564 1247 710 1323 voluerit).
751 1247 839 1308 Multi
861 1263 926 1306 cnm
946 1245 1051 1306 Vestra
1067 1245 1205 1306 Illustris·

68 1355 129 1414 dna
139 1354 319 1414 (lelsitudine
330 1359 468 1428 sentiunt,
491 1355 566 1430 quod
581 1357 672 1429 magis
685 1354 754 1420 mihi
767 1355 956 1416 convenirent
967 1349 1101 1413 Ferinm¹
1121 1368 1205 1426 quam

68 1459 207 1520 Badenses
238 1459 374 1533 therma,
404 1461 483 1520 inter
518 1477 589 1534 quos
619 1459 763 1522 sturmius
796 1464 859 1532 est,
892 1459 941 1534 qni
972 1475 1003 1518 se
1034 1456 1206 1518 celsitudini

68 1565 168 1625 Vestrae
200 1572 370 1626 reverenter
397 1565 592 1636 commendam
626 1564 714 1624 credo
739 1564 819 1624 illurn
846 1565 884 1624 ad
911 1563 1033 1624 Furinae
1060 1560 1205 1638 prolectu-

66 1687 121 1729 rum
140 1677 207 1744 post
227 1671 336 1745 aliquot
357 1670 428 1731 dies.
460 1671 531 1744 Ego,
554 1670 631 1745 quod
648 1670 789 1730 Dominus
810 1670 942 1740 voluerit,
964 1667 1076 1728 iscium.
1108 1667 1202 1728 Gene-

68 1791 141 1835 rosns
161 1777 191 1834 d.
212 1793 308 1836 comes
329 1777 448 1838 Julius·
466 1778 551 1838 simul
577 1793 640 1836 cunr
662 1776 689 1836 d.
710 1776 855 1836 comitissa
875 1791 906 1834 se
926 1789 984 1834 unu
1004 1789 1115 1834 mecum
1135 1771 1204 1830 lllu·

68 1881 207 1941 strissimae
223 1880 394 1940 Celsitudini
408 1883 522 1942 Vestrae
538 1888 708 1942 reverenter
729 1879 938 1942 commendant.
970 1877 1104 1938 Goelestis
1116 1877 1205 1936 Pater

66 1991 161 2058 augeat
182 1985 227 2044 illi
247 2001 313 2044 snos
338 1985 450 2046 divinos
476 1987 644 2059 thesauros,
671 1986 802 2060 spiritum
831 1982 966 2045 attidem
986 1999 1039 2058 per
1059 1981 1204 2042 Christum

64 2089 200 2148 dominum
222 2097 362 2150 nostrum.
780 2072 785 2081 ¹

132 2195 304 2268 degentium
324 2195 371 2254 die
395 2199 430 2254 17
452 2193 562 2269 Aprilis
586 2195 669 2253 1561.

246 2300 451 2361 illustrissima
472 2298 644 2360 celsitudini
664 2297 777 2358 Vestra
796 2297 1008 2358 addictissimus

955 2400 1123 2476 Vargerius.

600 2641 665 2699 113.

356 2754 481 2842 Verger
504 2777 546 2819 an
570 2753 687 2842 herzog
710 2752 894 2840 Christoph.

454 2867 553 2926 Baden
578 2870 613 2926 15
633 2867 694 2926 Mai
717 2851 801 2927 1561.

123 2972 314 3028 Nachrichten
332 2974 403 3028 iiber
415 2973 465 3028 das
478 2973 569 3028 concil
584 2973 639 3027 und
649 2972 829 3036 Franhreinh,
843 2973 912 3027 iiher
924 2972 1004 3028 einen
1018 2969 1198 3042 gefangenen

62 3067 156 3133 Polam
174 3069 283 3140 Verger
299 3068 387 3125 hittet
405 3088 452 3124 nm
471 3069 546 3140 geld.

130 3167 327 3228 Illustrissirne
346 3168 487 3242 Princeps
508 3175 537 3228 et
559 3169 680 3227 homine
701 3167 824 3228 Domine
846 3167 1090 3226 clementissime!

134 3273 268 3332 scribunt
287 3273 324 3332 ad
343 3290 390 3332 me
411 3293 447 3333 ex
460 3275 554 3346 ltalia,
576 3275 736 3346 exspectari
757 3273 974 3346 suspensionem
994 3272 1116 3344 concilii,
1137 3289 1202 3346 qnae
1229 3310 1230 3314 =

63 3372 153 3436 lutura
172 3379 211 3437 sit
231 3378 269 3437 ad
288 3378 456 3452 Michaelis,
479 3379 554 3453 quod
575 3385 672 3438 tannen
692 3378 845 3452 ignorabat
864 3375 1016 3450 legatus⁴;
1044 3377 1069 3436 si
1088 3393 1201 3437 succes·

63 3481 133 3552 serit,
154 3483 230 3557 quod
253 3483 347 3556 audio,
370 3500 475 3556 cupere
496 3490 526 3543 et
546 3485 656 3544 ambire
677 3483 890 3544 serenissimum
911 3499 1010 3558 regem
1029 3483 1168 3542 Navarrae
1181 3481 1201 3556 ⁶,

63 3584 328 3646 confederationem
358 3589 469 3647 scilicet
500 3606 564 3648 cum
591 3587 793 3646 illustrissimis
823 3587 985 3647 Germaniae
1013 3588 1200 3662 principibus

64 3687 95 3746 oh
119 3709 199 3765 quem
228 3709 344 3752 causam
371 3694 431 3766 jam
458 3698 528 3766 puto
555 3691 708 3750 advenisse
737 3693 900 3766 quempiam
930 3692 968 3750 ad
993 3691 1199 3751 Celsitudinenr

63 3794 194 3870 Vestram,
217 3805 313 3858 actum
335 3798 392 3857 erit
412 3799 448 3857 de
469 3797 623 3858 conciliet

617 3931 633 3964 ff

128 3972 139 4023 1
159 3972 185 4025 S.
204 3989 231 4025 n.
253 3973 312 4026 107.

125 4058 140 4110 ’1
159 4055 305 4114 Wildhad.

124 4145 246 4200 3Julius
265 4163 318 4201 von
340 4145 455 4202 l'hisne.
492 4146 519 4200 S.
539 4163 566 4200 n.
586 4147 635 4201 36„

125 4233 221 4305 svgl.
241 4251 267 4287 n.
290 4235 349 4288 110.

126 4320 141 4372 5
158 4319 184 4374 S.
206 4339 234 4374 n.
254 4322 313 4377 107.

29 4399 30 4404 ’
127 4407 141 4461 6
159 4407 192 4462 hle
209 4409 303 4466 haben
321 4409 477 4482 allerdiugs
502 4410 533 4464 in
552 4410 642 4466 dieser
661 4412 743 4468 sache
762 4411 946 4468 munchfaehe
964 4413 1198 4484 verhendlungen
