2830 5078
75 378 130 430 1560
594 381 655 442 253

134 550 174 608 De
193 550 313 624 reliquis
335 550 449 622 libellis,
471 565 542 622 quos
563 549 712 620 Beblingae
732 547 809 620 apud
829 549 1053 610 illustrissimam
1076 553 1199 612 Oelsitu-

69 654 148 710 dinem
168 653 299 712 Vestram
320 655 441 728 reliqui,
462 661 597 726 exspecto
615 653 771 726 judicium,
797 655 936 726 corrigam
957 669 1034 724 uero,
1057 673 1121 729 quae
1141 655 1199 715 ior·
1228 717 1231 722 ,

67 758 137 814 tessis
161 757 327 831 displicent;
360 773 417 814 non
446 756 521 814 enim
548 755 643 828 cogito
664 756 710 814 vel
736 753 881 812 tantillum
908 755 1059 815 discedere
1086 761 1200 818 ureris

68 863 185 933 ecclesiis,
206 880 271 936 quae
293 868 360 920 snut
380 864 409 918 in
431 861 537 920 Vestra
557 861 677 920 ditione.

132 965 172 1024 De
192 983 260 1024 mea
279 983 365 1024 causa
385 983 449 1024 cum
464 965 603 1024 Scaliclrio
620 981 705 1037 spero
720 982 766 1024 me
780 965 953 1036 habiturum,
975 967 1051 1039 quod
1068 967 1199 1026 aVestra

68 1069 228 1130 delsitudiue
249 1072 348 1144 petivi,
369 1072 423 1130 hoc
444 1078 489 1129 cst
505 1071 627 1144 judices,
648 1087 737 1144 quare
754 1069 825 1128 ninii
844 1069 914 1128 milri
934 1071 1045 1142 gratius
1065 1087 1128 1130 esse
1148 1089 1198 1144 po-

68 1177 163 1246 tuisset,
182 1177 262 1236 uude
284 1193 338 1248 ago
356 1176 560 1234 Illustrissimae
578 1174 750 1234 Oelsitudini
761 1175 873 1233 Vestrae
887 1174 1064 1234 immortales
1080 1179 1198 1249 gratias.

129 1283 275 1355 Rescripsi
296 1279 447 1354 magnifico
469 1280 495 1338 d.
518 1279 687 1352 Unguadio,
716 1279 765 1353 qui
794 1280 910 1354 proprio
935 1281 1021 1338 misso
1042 1284 1199 1341 secretario

65 1383 221 1454 exquirebat
241 1399 334 1442 meam
354 1383 385 1440 in
406 1397 441 1441 ea
462 1397 548 1440 causa
568 1383 760 1451 voluntatem,
781 1399 826 1442 me
847 1383 1034 1444 ohmsdcnum
1055 1385 1199 1446 hominem

64 1502 116 1544 csse
136 1488 203 1563 (per
222 1489 279 1546 Dei
300 1487 451 1562 gratiam),
480 1503 569 1560 quare
598 1504 642 1545 me
664 1492 888 1546 teramnensem
910 1492 1058 1550 remittere
1079 1491 1199 1550 arbitrio

63 1590 258 1651 Illustrissimae
278 1584 470 1650 'eelsitudinis
491 1592 605 1651 Vestra
632 1597 663 1650 et
687 1609 746 1650 suae
766 1591 1001 1667 magnificentie,
1031 1611 1077 1653 me
1104 1601 1199 1653 autem

66 1695 128 1753 nihil
147 1697 229 1755 uliud
250 1713 374 1771 cupere,
404 1697 477 1768 nisi,
510 1703 541 1755 ut
562 1695 720 1756 Scalichius
748 1699 825 1756 iuter
843 1699 970 1770 privatos
990 1699 1096 1758 amicos
1116 1699 1201 1771 dicut,

64 1801 130 1872 quod
149 1803 260 1875 injuste
282 1801 431 1875 scripserit
458 1808 559 1860 contra
587 1819 632 1860 me
653 1801 791 1860 famosum
813 1801 943 1862 libellum
963 1810 994 1861 et
1014 1804 1085 1862 duas
1105 1805 1200 1863 invoc-

62 1907 134 1964 tinas.
174 1907 244 1964 Non
265 1912 310 1964 est
330 1905 428 1980 iniqua
448 1906 565 1979 petitio,
594 1908 646 1966 sed
667 1908 824 1966 christiano
845 1914 875 1968 ct
894 1909 1103 1978 honestissima,
1124 1909 1200 1983 iuju-

60 2010 123 2068 rium
141 2028 212 2071 vero
233 2011 302 2070 mihi
323 2010 433 2070 illatam
455 2013 584 2071 condono
606 2013 642 2071 ad
662 2013 778 2072 laudem
798 2014 862 2086 Dei,
883 2013 913 2070 iu
934 2012 1056 2086 gratiam
1078 2013 1199 2072 Gelsitn·

59 2110 123 2170 dinis
142 2113 257 2170 Vestra
284 2129 337 2172 nec
358 2115 423 2171 volo
451 2113 487 2189 (si
515 2112 636 2186 fecerit,
668 2132 732 2188 quae
762 2116 850 2192 peto)
876 2133 942 2175 meu
967 2119 1075 2191 scripta
1102 2119 1199 2185 cdere,

61 2231 116 2286 qaae
136 2213 261 2288 confeci,
289 2222 440 2290 postquem
462 2235 478 2276 e
500 2219 641 2292 Beblinga
662 2220 790 2279 discessi.
832 2221 890 2280 Sed
917 2222 947 2280 id
971 2222 1118 2280 sciendum
1147 2229 1199 2292 est,

58 2335 97 2378 me
116 2322 193 2380 iuter
213 2320 397 2380 scribendum
417 2337 470 2394 pro
492 2337 556 2378 mea
577 2321 745 2380 defensioue
768 2323 1003 2396 deprehendisse,
1025 2324 1101 2397 qnod
1113 2325 1200 2384 miser

59 2422 208 2483 Sculichius
229 2423 425 2482 falsificaverit
445 2431 495 2482 ant
516 2427 678 2498 corruperit
698 2427 756 2484 tria
770 2426 930 2500 privilegia,
951 2433 1038 2500 atque
1053 2445 1106 2502 per
1121 2427 1198 2488 falsi·

59 2533 127 2587 tates
148 2535 179 2588 et
200 2529 401 2602 corruptiones
422 2547 452 2588 se
474 2531 623 2603 comitem,
645 2531 783 2590 baronem
805 2539 835 2590 et
855 2531 986 2603 regulum
1006 2531 1129 2592 Veronae
1149 2550 1198 2606 ap-

57 2631 175 2700 pellarit.
215 2632 338 2704 Expono
360 2639 446 2706 caput
467 2649 569 2704 meum,
593 2635 616 2690 si
637 2633 691 2691 hoc
711 2651 768 2693 non
790 2635 880 2706 probo
901 2635 1141 2695 manifestissime.

130 2736 234 2794 Paravi
253 2736 290 2794 ad
310 2735 523 2794 serenissimum
544 2735 690 2794 Bohemiae
711 2753 809 2808 regem
827 2737 986 2808 epistolam,
1007 2740 1089 2811 cujus
1105 2755 1200 2798 exom-

59 2837 132 2908 plum
158 2841 244 2898 mitto
270 2839 473 2898 illustrissima
502 2837 673 2898 celsitudini
694 2840 805 2899 Vestrae
833 2842 1070 2914 expendendum,
1102 2843 1126 2901 si
1156 2843 1200 2918 ¹illi

60 2943 206 3014 uidebitur,
227 2946 338 3004 mittem
360 2961 424 3002 oum
445 2946 515 3002 meis
536 2945 661 3018 scriptia,
683 2947 707 3003 si
728 2962 785 3004 non
805 2946 959 3018 videbitur,
979 2947 1131 3006 desistam..
1160 2949 1199 3006 Et

59 3047 85 3103 in
104 3066 212 3107 summa
233 3050 304 3108 nihil
323 3048 435 3118 faciam,
457 3050 511 3108 nisi
533 3049 610 3121 quod
623 3051 725 3122 sciero,
747 3051 862 3122 placere
885 3051 1054 3112 celsitudini
1076 3052 1199 3124 Vestrae,

60 3154 138 3223 cujus
156 3152 275 3214 consilia
295 3157 353 3212 scio
374 3172 394 3212 a
412 3154 522 3228 Spiritu
542 3159 641 3213 sancto
657 3155 826 3228 gubernari.

135 3256 226 3318 Causa
247 3261 406 3332 estmagni
428 3260 578 3331 momenti,
606 3261 717 3318 utinam
736 3277 883 3333 possemus
905 3267 1060 3334 contegere
1082 3269 1112 3320 et
1132 3279 1200 3335 sup·

59 3363 177 3429 primore
197 3365 397 3436 corruptiones
418 3370 447 3422 et
468 3363 610 3423 falsitates
630 3365 660 3421 in
680 3362 839 3438 privilegiis
866 3365 1046 3436 commissas;
1075 3383 1130 3425 non
1153 3375 1198 3426 est

59 3464 185 3537 dubium,
217 3471 286 3541 quin
306 3469 426 3542 papistae
447 3469 704 3528 animadverterint
724 3487 791 3542 eas,
822 3475 874 3526 aut
894 3471 951 3528 sint
972 3471 1207 3548 animadversum¹

61 3574 166 3632 acutius
186 3591 271 3646 quam
293 3591 357 3648 ego.
399 3575 494 3646 Quare
522 3573 690 3646 traducent,
721 3591 773 3632 suo
787 3591 895 3656 ¹more,
923 3591 980 3632 non
1007 3575 1092 3633 modo
1114 3575 1202 3634 Scali-

62 3675 160 3750 chium,
179 3679 230 3736 sed
251 3695 365 3750 omnes,
394 3681 444 3752 qui
469 3679 600 3756 illumin
621 3685 678 3736 tarn
701 3682 778 3751 turpi
798 3695 884 3738 causa
904 3675 1063 3738 defendere
1083 3687 1135 3738 aut
1154 3698 1202 3738 su·

63 3783 184 3840 stentare
204 3783 359 3840 voluerint.

146 3887 190 3944 Ad
220 3905 265 3946 me
292 3887 369 3960 quod
395 3888 519 3958 attinet,
552 3887 648 3944 omnia
675 3886 777 3946 faciam
804 3888 833 3944 in
861 3888 983 3960 gretiam
1015 3888 1203 3949 Celsitudiniu

66 3985 184 4064 Vestrae,
205 3993 258 4050 sed
278 3972 433 4050 videndum
455 3996 512 4062 est,
545 3990 776 4063 qnidagendum
797 3991 832 4050 de
853 3993 909 4050 isto
931 3993 1090 4068 Scalichio,
1107 3995 1131 4052 si
1152 3993 1202 4051 de·

65 4091 158 4153 bemus
176 4102 273 4154 tacere
295 4102 325 4154 et
345 4101 510 4168 contegere,
532 4095 608 4168 quod
629 4097 792 4168 corruperit
811 4097 972 4170 privilegia,
993 4105 1043 4156 aut
1063 4097 1153 4171 quid?

139 4201 198 4259 Hoc
218 4201 352 4275 dispiciat
365 4217 417 4259 suu
429 4202 540 4273 pietate
557 4206 585 4258 et
601 4201 758 4260 autoritate
772 4202 986 4260 illustrissimus
1001 4202 1037 4260 D.
1048 4203 1115 4260 Dux
1125 4201 1203 4260 Wir-

66 4302 274 4377 tenbergensis
296 4321 377 4362 meus
398 4305 530 4362 dominus
543 4305 798 4374 clementissimus,
818 4322 884 4364 uam
904 4306 946 4364 illi
968 4307 1063 4364 omnia
1076 4306 1202 4378 remitto,
