2862 5080
622 419 624 426 Ι
718 333 785 396 410
1258 297 1325 385 uu

341 500 545 562 illustrissime
565 499 754 562 celsitudinis
775 501 888 563 Vostroe
909 503 1024 566 humilis
1044 505 1172 565 servitor

869 609 1007 671 Aurelius
1029 609 1065 669 de
1092 610 1252 684 verreriis.

718 871 785 930 200.
842 852 844 858 ’

427 991 462 1058 Ρ.
487 990 522 1058 Ρ.
548 989 674 1077 Vergor
696 1013 739 1057 sn
762 991 882 1078 herzog
903 991 1088 1078 Christoph.

547 1121 701 1197 Ttlbiugen
722 1124 759 1182 23
780 1123 861 1183 Mirr
884 1125 969 1184 1564.

250 1239 341 1295 Bittst
360 1257 406 1294 um
424 1239 519 1310 eiuige
537 1239 789 1310 weinbergpidhle.

259 1337 454 1398 Illustrissime
475 1337 614 1411 Princeps
634 1343 664 1397 et
684 1337 806 1398 Domine
827 1341 951 1400 Domine
972 1339 1220 1401 clementissime!

260 1439 355 1516 cogor
384 1447 486 1514 petere
515 1441 552 1501 eb
578 1443 775 1502 illustrissima
800 1443 980 1504 celsitudine
1001 1447 1126 1515 Vestra,
1157 1446 1234 1521 qnod
1261 1445 1330 1506 mihi

183 1546 280 1617 menni
300 1545 422 1620 alicujus
450 1548 588 1607 commodi
614 1545 742 1608 futurum
770 1555 822 1610 est.
863 1549 936 1610 Mihi
957 1559 1024 1612 sunt
1044 1552 1201 1611 necessarii
1221 1552 1331 1626 aliquot

182 1648 252 1723 pelli
273 1665 323 1708 seu
344 1651 438 1724 ligne,
464 1668 528 1725 quse
549 1667 686 1724 reponam
707 1652 736 1709 in
759 1652 843 1710 vinee
864 1653 925 1711 sive
946 1653 1046 1726 horto,
1074 1669 1160 1727 quem
1182 1652 1330 1713 celsitudo

183 1753 289 1812 Vestra
310 1755 426 1828 digesto
449 1747 493 1814 ‘est'
513 1755 582 1814 mihi
603 1756 742 1815 tribuere.
778 1757 873 1828 Quare
895 1743 1002 1817 allilia
1021 1764 1193 1818 reverenter
1213 1765 1245 1815 et
1265 1773 1329 1829 sup·

184 1857 356 1933 pleurisin,
388 1866 420 1919 ut
440 1859 577 1932 dignetur
597 1860 735 1920 mundare
756 1860 896 1935 praefeeto
916 1863 1072 1935 silvorum,
1103 1869 1136 1920 ut
1162 1863 1234 1921 velit
1261 1861 1330 1918 dere

181 1963 292 2038 aliquot
311 1965 348 2023 ed
369 1979 463 2023 meum
484 1982 574 2038 usum,
596 1974 733 2039 quonium
755 1983 806 2026 suo
824 1969 934 2042 judicio
950 1968 1104 2037 videbitur,
1126 1983 1191 2042 quse
1204 1982 1253 2025 res
1265 1981 1330 2040 per·

180 2073 265 2140 grets
284 2068 353 2127 mihi
373 2067 472 2128 future
492 2075 545 2127 est.
576 2067 750 2127 cnmmendo
764 2086 810 2128 me
824 2071 994 2130 reverenter
1003 2070 1117 2130 Vestrae
1128 2067 1330 2128 illustrissime

181 2169 369 2246 Oelsiludini3
390 2190 408 2231 e
428 2171 580 2233 oellererio
601 2172 784 2247 Tubingense
805 2173 919 2234 litteras
940 2181 1084 2248 exspecto.

259 2275 366 2336 Datum
386 2276 524 2347 loninge
544 2276 592 2336 die
612 2279 649 2337 23
671 2277 771 2336 Mertii
794 2279 878 2336 1564.

486 2380 692 2438 Illustrissimee
713 2379 901 2439 celsitudinis
922 2381 1034 2440 Vestrae

942 2485 1066 2544 servitor
1086 2485 1252 2557 Vergeriue.

253 2611 468 2682 Eigeuhlindige
486 2609 661 2684 bomerkung
679 2613 727 2668 des
747 2613 876 2682 herzogs:

254 2697 317 2754 Hsb
337 2697 387 2752 der
404 2699 495 2754 enden
513 2701 571 2754 und
590 2717 622 2754 uu
643 2700 765 2756 solohem
785 2701 897 2756 werohh
917 2702 961 2754 nii
979 2699 1101 2771 gelegen
1120 2699 1190 2754 holr.

721 2957 788 3014 201.

486 3086 611 3174 Verger
632 3111 675 3154 en
697 3091 818 3174 herzog
840 3087 1025 3173 christoph.

543 3219 693 3293 tubingen
715 3224 752 3278 27
773 3221 855 3278 Mirr
879 3222 963 3278 1564.

253 3333 443 3407 Neuiglseiisn
462 3355 512 3393 eus
531 3338 581 3394 der
599 3336 732 3394 Sohvveiz.

260 3432 614 3508 Illustrissime'Prineeps
635 3442 665 3494 et
686 3435 809 3492 Domine
830 3435 952 3493 Domine
974 3433 1221 3492 clementissime!

261 3535 334 3596 Sunt
354 3538 423 3597 mihi
438 3556 453 3598 e
468 3540 575 3613 ligero
595 3539 701 3598 litterae
722 3545 849 3598 eremite
869 3539 916 3598 die
936 3538 1070 3596 vicesimo
1091 3543 1195 3610 querto
1217 3535 1332 3594 Martii.
1425 3545 1426 3554 ¹

184 3641 326 3714 Scribens,
346 3643 440 3704 adhue
459 3661 516 3702 non
538 3659 601 3703 esse
621 3643 777 3702 concordes
797 3642 993 3716 Philippienos
1014 3657 1077 3700 eum
1101 3640 1205 3713 cellis3
1226 3646 1333 3713 prsete-

182 3763 235 3806 ree
254 3754 364 3820 pestem
385 3749 506 3821 coepisse
526 3748 627 3806 saevire
654 3750 682 3806 in
710 3749 773 3820 ipse
794 3747 907 3805 iilraetiu
922 3746 940 3803 ¹.
982 3746 1045 3819 Ego
1072 3744 1144 3804 nihil
1172 3752 1332 3804 metuerem
1424 3775 1425 3778 =

183 3851 335 3922 secedere,
364 3853 419 3910 nisi
439 3854 570 3912 timorem
591 3853 704 3910 Vestrse
726 3852 930 3910 Illustrissimae
951 3850 1140 3910 celsitudinis
1165 3850 1332 3908 mundatum

183 3972 273 4031 usque
294 3956 379 4030 edeo;
400 3962 507 4026 metuo,
535 3973 571 4016 ne
592 3956 662 4031 quid
681 3957 853 4014 incommodi
874 3959 1009 4016 nascetur
1029 3954 1060 4012 iu
1080 3955 1203 4013 Rhesi-ie.
1246 3952 1330 4012 com·

182 4063 286 4123 mendo
306 4078 352 4121 me
372 4062 485 4122 Vestree
505 4063 710 4122 Illustrissimae
732 4061 905 4121 celsitudini
924 4065 1102 4121 reverenter.

752 4193 767 4224 lit

256 4301 269 4354 l
290 4298 322 4352 In
342 4297 507 4354 chieveune
524 4297 641 4352 sterben
660 4296 689 4350 in
712 4297 807 4368 jerem
827 4313 945 4352 summer
964 4295 1070 4350 binuen
1090 4295 1107 4350 3
1125 4294 1260 4348 moneten
1278 4291 1332 4346 400

184 4401 337 4456 personent
356 4385 385 4437 in
406 4384 481 4439 Ohur
500 4383 539 4439 im
558 4401 667 4454 genuen
688 4384 764 4438 1400.
