2862 5080
57 392 126 447 1562
603 393 664 458 353

54 567 161 638 gentis,
183 561 374 622 exLitusuis
394 563 537 636 usquead
558 563 690 622 Vestrum
715 561 919 623 Celsitudinem
940 567 1034 634 misse,
1056 581 1120 640 quae
1140 582 1207 639 ego·

54 675 114 725 met
134 667 164 724 iu
185 682 251 724 meo
272 681 357 724 curru
378 664 529 732 adducam,
552 682 610 724 une
629 683 691 724 oum
714 665 812 736 nobili,
834 667 881 739 qui
904 683 940 726 ee
960 668 1085 728 adrexit.

86 804 90 808 ·
134 789 276 860 Tubiugae
298 788 344 845 die
367 787 404 844 20
424 787 504 844 Junii
529 788 611 844 1562.

360 907 562 966 Illustrissimae
584 907 771 967 celsitudinis
791 909 903 968 Vestrae

814 1016 938 1072 servitor
963 1015 1127 1086 Vergerius.

605 1276 669 1332 168.

254 1403 382 1490 Herzog
404 1404 579 1490 Christoph
603 1427 645 1471 sn
670 1405 803 1492 Verger.
850 1405 1003 1491 Concept.

422 1534 595 1608 Mlinsingen
618 1537 653 1593 23
676 1535 736 1596 Juli
760 1538 843 1594 1562.

126 1655 162 1707 Er
182 1653 265 1707 wolle
284 1655 300 1706 4
316 1654 404 1722 junge
422 1653 627 1710 Grsubliudner
652 1655 695 1709 ins
719 1654 841 1710 seminsr
866 1655 895 1707 in
915 1653 1065 1723 'l'ltbiugeu
1090 1655 1206 1710 euineh·

48 1767 117 1804 men
139 1751 198 1804 und
216 1750 270 1804 den
290 1749 379 1804 ueii'en
400 1751 521 1820 Vergsrs
540 1751 610 1806 euch
630 1751 658 1804 iu
678 1750 773 1805 seinen
794 1751 886 1806 dienst
904 1750 1032 1806 nehmem

133 1849 218 1919 Quod
239 1849 276 1906 ed
303 1846 377 1906 filios
403 1849 596 1907 ministrorum
625 1850 653 1907 in
684 1848 799 1907 Rhaetis
826 1848 968 1932 ettinstf,
995 1850 1206 1911 illustrissimus

48 1955 192 2026 princeps
222 1951 283 2010 rnlt
309 1967 361 2026 pro
388 1954 542 2010 seminario
568 1954 697 2012 ecclesie
719 1953 826 2012 Christi
854 1959 872 2010 4
894 1957 1015 2028 juvenes
1042 1961 1206 2015 sustentare

45 2055 196 2129 Tubingec
216 2072 270 2130 per
290 2058 307 2114 3
329 2072 427 2130 conoe,
449 2063 479 2116 et
493 2056 613 2129 singulis
630 2059 712 2116 annis
728 2057 846 2117 cuilibet
860 2075 979 2117 munere
994 2057 1090 2118 iecere
1104 2058 1205 2118 30110-

49 2177 158 2231 renos,
187 2167 218 2218 et
237 2159 357 2234 incipiet
377 2161 482 2220 solutio
502 2161 617 2220 illorum
637 2179 654 2220 u
676 2161 749 2222 iesto
771 2162 803 2220 st
825 2163 942 2237 Georgii
968 2165 1028 2236 jem
1049 2166 1199 2238 preteriti.

47 2270 159 2324 Actum
180 2267 218 2324 23
240 2265 311 2324 Julii
332 2281 407 2324 suno
429 2269 475 2324 62.

128 2371 346 2430 illustrissimus
366 2372 500 2445 princeps
521 2373 583 2431 vult
611 2373 772 2445 nepotem¹
800 2373 907 2432 domini
929 2373 1060 2444 vergenti
1088 2374 1117 2432 iu
1145 2389 1204 2432 ser·

47 2477 155 2534 vitium
184 2492 266 2534 suum
292 2477 439 2548 accipere,
468 2490 522 2548 per
542 2491 646 2532 sunum
677 2475 719 2534 illi
746 2477 920 2548 persolvere.
936 2477 992 2533 100
1018 2473 1143 2534 florenos
1170 2491 1206 2533 ee

45 2581 230 2648 conditione,
252 2579 326 2653 quod
348 2579 401 2652 ipsi
423 2579 461 2638 sit
481 2581 605 2650 licitum,
627 2581 704 2652 epurl
726 2585 861 2650 nepotem
882 2593 963 2638 suum
986 2579 1092 2638 dictum
1114 2579 1203 2639 domi-

47 2703 119 2743 num
144 2685 316 2758 Vergerium
338 2684 514 2756 cohabitare,
536 2686 610 2742 etsi
632 2702 695 2758 quae
716 2685 772 2743 sint
793 2701 850 2756 res,
870 2686 898 2742 iu
921 2683 1021 2757 quibus
1042 2684 1202 2742 illustrissi-

45 2807 112 2848 mus
135 2789 271 2863 princeps
291 2806 371 2848 suem
393 2805 510 2864 operum
532 2807 649 2849 necesse
671 2789 791 2860 hebeat,
820 2789 897 2863 quod
927 2791 975 2848 ille
1005 2790 1144 2848 inserviet
1174 2799 1205 2848 et

46 2893 131 2968 quod
159 2895 274 2952 interea
298 2895 388 2967 magis
414 2910 532 2967 operum
559 2895 608 2953 det
636 2895 739 2954 studiis
769 2900 799 2952 et
825 2895 930 2967 linguse
955 2895 1127 2966 germanice
1152 2911 1201 2964 ap·

47 2997 266 3072 prehendendi.
308 2991 312 2994 ’

120 3098 176 3153 Die
195 3098 342 3154 eufschrift
360 3099 466 3154 leniet:

121 3185 192 3239 Was
210 3185 257 3239 ich
277 3186 411 3255 Vergerio
431 3204 464 3240 zu
483 3186 652 3256 Milusingeu
672 3207 703 3240 uu
724 3191 880 3241 uuutwurtt
899 3189 990 3257 geben
1008 3189 1073 3243 heb.

597 3445 660 3500 159.

362 3562 488 3648 Verger
511 3586 554 3630 sn
577 3565 695 3652 herzog
718 3563 902 3651 Ohristoph.

430 3694 579 3770 'itihingen
601 3699 638 3754 25
659 3697 721 3784 ,³⁰¹¹
745 3701 829 3757 1562.
870 3771 881 3782 .

121 3811 253 3867 Schreibt
273 3829 368 3884 wegen
389 3811 498 3884 einiger
524 3815 745 3886 hirschgeweihe
770 3819 826 3870 und
854 3819 945 3873 denkt
964 3837 1061 3888 wegeu
1082 3820 1131 3873 der
1150 3820 1202 3873 sei-

40 3924 114 3961 uem
135 3908 228 3964 ueffen
247 3909 415 3964 erwiesenen
435 3911 535 3980 gundo.

128 4005 325 4066 illustrissime
346 4009 485 4084 Princeps
505 4017 535 4070 et
557 4011 677 4069 Domine
700 4012 821 4070 Domine
844 4013 1086 4072 Olernemissime!

130 4111 295 4186 significavi
326 4115 440 4174 domino
462 4115 612 4174 Melchiori
644 4115 732 4174 nobili
759 4115 884 4175 Litueno
914 4119 949 4176 de
980 4119 1113 4176 cornibus
1141 4139 1201 4179 oer-

617 4250 631 4280 ’l‘

126 4346 182 4400 is.
203 4365 232 4403 n.
253 4349 312 4400 154.

123 4433 138 4483 2
156 4431 191 4486 Es
209 4450 269 4486 wer
288 4435 422 4502 Aurelius,
443 4455 463 4491 s.
483 4456 509 4492 n.
530 4441 588 4494 159.

113 4534 201 4589 verger
