2830 5072
1297 335 1347 389 nn
1405 289 1406 364 ἶ

211 515 343 589 plurima,
363 529 428 588 qua
439 515 610 571 reverenter
623 508 770 570 oonieram
786 516 816 570 et
829 511 943 570 Vestrae
953 510 1159 570 illustrissimae
1177 512 1349 572 Celsitudiuis

208 619 320 694 judieio
341 617 516 688 submittam,
537 631 604 676 nam
623 615 724 688 scripsi
745 623 811 689 post
831 615 939 674 editam
961 616 1151 676 indictionem
1166 624 1197 677 et
1211 624 1349 690 postquam

98 751 106 765 ·
211 739 274 784 eam
295 725 354 782 vidi
374 739 411 782 ex
432 721 518 781 Italia
536 721 664 794 missam,
685 721 837 794 nonnulla,
860 721 961 791 orado,
990 737 1046 780 non
1067 723 1246 796 poenitenda.
1288 723 1350 794 Quo·

212 829 285 889 tidie
305 829 381 887 enim
403 829 556 900 experior,
587 842 703 886 oausam
722 828 839 885 minime
860 827 956 886 adbuo
976 827 1115 900 intelligi3
1148 845 1210 888 sum
1238 829 1349 886 enimin

212 951 248 994 ea
272 940 419 1002 venatus,
448 937 535 1006 atque
561 931 668 990 iterum
696 929 823 1002 affirmo,
851 948 906 991 uon
928 931 1053 1004 intelligi
1072 932 1109 990 ab
1130 932 1175 991 his
1194 932 1350 1004 praesertin
1404 981 1405 996 ,

211 1057 284 1114 quos
303 1037 534 1111 magiadeoeret
554 1036 729 1109 intelligere.

288 1144 376 1203 Mitto
397 1159 472 1201 nune
493 1141 611 1214 aliquod
631 1157 726 1200 meum
747 1142 973 1213 manuscriptum
986 1141 1004 1198 ¹.
1041 1140 1145 1199 Vestra
1164 1141 1349 1199 Illustrissinu

212 1248 361 1308 celsitudo
396 1247 531 1320 dignetur
561 1244 626 1321 (pro
663 1262 715 1304 sua
746 1243 914 1320 elementia)
947 1251 1099 1317 excutere3
1137 1244 1251 1304 affirmo
1279 1249 1349 1316 enin,

211 1353 297 1426 quod,
318 1352 434 1410 tametsi
455 1350 491 1409 ab
512 1366 547 1409 ea
567 1351 747 1423 intelligatur
767 1350 900 1422 materia,
921 1354 1018 1409 tamen
1040 1351 1188 1422 areliquis
1203 1368 1348 1425 nouusque

211 1458 284 1516 adeo
304 1456 477 1530 intelligitur
504 1453 550 1532 (ut
571 1454 645 1526 dixi)
673 1461 703 1513 et
730 1454 937 1528 perileiendum
966 1461 1027 1526 est,
1061 1461 1094 1513 ut
1122 1471 1158 1512 ex
1186 1456 1348 1514 brevissimis

210 1564 282 1622 meis
302 1563 416 1633 seriptis
436 1561 600 1633 intelligant
622 1559 658 1636 (si
679 1560 835 1637 volueriut)
863 1577 917 1618 neo
937 1566 1017 1634 puto,
1045 1577 1110 1620 eam
1130 1576 1194 1619 esse
1215 1564 1349 1634 negligen·

212 1669 287 1741 dam,
308 1669 332 1726 si
353 1667 405 1726 hos
426 1665 537 1725 nimbos
558 1672 589 1725 et
601 1670 813 1738 tempestatem,
836 1682 901 1738 quae
914 1666 1006 1723 multa
1020 1663 1154 1737 minatur,
1177 1667 1347 1736 evaserimus
1401 1686 1404 1694 ·

211 1772 341 1848 prolecto
362 1773 391 1830 iu
412 1779 491 1841 tuto,
520 1778 608 1844 atque
638 1772 667 1828 in
694 1777 780 1844 portu
809 1772 924 1828 erimus.
966 1769 1037 1830 Haeo
1058 1777 1103 1828 est
1123 1788 1189 1830 mea
1209 1773 1348 1839 sententia,

210 1879 372 1954 praesertim
391 1895 456 1938 eum
477 1892 512 1934 ex
526 1876 621 1935 Gellia
640 1875 797 1934 habeamus
817 1877 927 1948 optima
947 1878 1062 1947 nuntia;
1085 1882 1147 1935 tota
1168 1877 1246 1933 enirn
1265 1875 1347 1934 adre·
1404 1901 1406 2008 φ

210 1985 412 2046 formationem
433 1983 621 2042 ecelesiarum
641 1981 782 2053 suspiret,
805 1980 951 2053 anbellat,
974 1986 1101 2055 spectat,
1123 1987 1212 2055 atque
1234 1981 1348 2039 arderia
1405 2015 1406 2064 3

211 2097 264 2164 est,
285 2091 362 2164 quod
384 2105 480 2148 coram
501 2088 602 2159 dinam,
624 2102 795 2160 quamquam
809 2103 866 2144 non
881 2088 919 2144 sit
932 2085 1060 2158 dubium,
1081 2088 1149 2159 quin
1164 2087 1348 2145 Illustrissima
1405 2101 1406 2178 ι

212 2196 360 2256 Celsitudo
381 2195 488 2253 Vestra
507 2192 603 2252 omnia
623 2194 708 2250 norit.

288 2301 450 2374 Exspecta·
464 2300 588 2372 inquam,
609 2303 643 2356 ut
663 2312 853 2356 amanuenses
873 2295 1047 2368 describant,
1069 2313 1132 2369 quae
1153 2296 1231 2369 dedi,
1254 2303 1284 2355 et
1296 2314 1347 2354 mon
1405 2297 1406 2386 l

210 2408 331 2478 veniam,
353 2403 461 2464 afflicta
481 2413 578 2464 tamen
598 2403 779 2487 valetudiue3
801 2402 852 2460 sed
873 2402 984 2460 utinam
996 2401 1085 2460 Pater
1099 2402 1227 2460 coelestis
1241 2417 1285 2474 me
1301 2402 1347 2458 rito
1405 2451 1406 2458 ,

211 2513 248 2572 ad
269 2529 299 2571 se
322 2527 357 2568 ex
378 2503 432 2569 ba‘t
452 2511 512 2568 vita
532 2510 645 2567 evocet!
669 2507 753 2581 oupio
775 2507 851 2566 euim
866 2506 984 2565 dissolvi
997 2513 1027 2564 et
1042 2523 1105 2565 esse
1118 2523 1183 2565 euru
1195 2507 1256 2566 illo.
1278 2506 1349 2564 Gom·

212 2617 317 2694 ruendo
338 2632 383 2672 me
405 2615 518 2673 Vestrae
539 2613 743 2671 Illustrissimae
767 2611 937 2670 Celsitudini
959 2617 1137 2670 reverenter.
1168 2611 1250 2670 Idem
1271 2611 1348 2668 Pater

210 2722 337 2782 eoelestis
357 2725 463 2794 augeat
483 2717 577 2776 eidem
599 2722 628 2774 et
649 2717 703 2774 toti
724 2714 840 2774 familiae
861 2722 947 2787 atque
968 2732 1059 2787 regno
1080 2731 1148 2772 suos
1169 2715 1279 2773 divinos
1294 2714 1347 2770 the·

211 2842 320 2895 sauros,
345 2823 474 2896 spiritum
498 2829 528 2880 et
546 2820 632 2880 fidem
653 2836 705 2892 per
726 2819 871 2879 Christum
892 2819 1035 2878 dominum
1058 2825 1196 2878 nostrum.
1404 2817 1405 2822 ’

288 2929 428 3001 Tubingae
450 2929 485 2985 19
506 2925 660 2985 Februarii
683 2926 767 2982 1561.

445 3031 649 3091 Illustrissimee
670 3029 857 3090 Oelsitudiuis
880 3030 990 3088 Vestrae
1010 3029 1134 3088 servitor

1113 3135 1279 3207 Vergerius.

282 3241 366 3297 Baide
384 3242 470 3296 letata
489 3243 576 3295 worte
594 3257 649 3294 von
670 3240 789 3307 Vergers
808 3237 961 3292 zitteruder
980 3237 1064 3292 haud.

756 3507 821 3560 llll.

507 3627 635 3713 Herzog
659 3626 835 3710 Christoph
861 3649 904 3692 en
928 3624 1061 3712 Verger.

552 3759 697 3831 stuttgart
718 3762 755 3817 25
777 3757 910 3818 Februar
932 3759 1016 3816 1561.
1099 3767 1102 3773 ·

281 3882 412 3936 Antvvort
430 3879 481 3936 auf
497 3899 524 3934 n.
545 3881 602 3935 109.

779 3970 793 4002 =lt

283 4066 426 4135 lHarnog
445 4064 594 4134 Christoph
621 4064 747 4119 erlanbte
773 4064 828 4119 deu
853 4064 942 4118 druolr
967 4064 1016 4119 der
1034 4063 1133 4118 schrift
1152 4062 1244 4125 nieht,
1272 4075 1292 4112 s.
1310 4055 1343 4106 br·
1403 4097 1404 4134 3

211 4171 238 4207 ιι.
253 4155 311 4208 110.
340 4153 418 4206 Aber
437 4153 476 4208 sie
495 4152 620 4209 ersohieu
640 4151 769 4206 dennooh
788 4169 910 4222 anonym
929 4152 1011 4206 uuter
1029 4151 1090 4205 dem
1111 4149 1190 4204 titel:
1214 4145 1292 4202 Della
1308 4141 1344 4194 iu·
1403 4165 1404 4230 ι

210 4239 331 4296 dittione
357 4239 402 4295 del
427 4240 544 4296 oonsilio
572 4241 601 4293 di
621 4239 733 4294 ‘Frento
764 4240 841 4294 1561.
877 4239 903 4293 S.
923 4239 1017 4309 Serap.
1042 4257 1061 4293 s.
1082 4239 1124 4292 92.
1152 4255 1180 4291 u.
1201 4237 1253 4289 lor.
1289 4227 1342 4283 Sixt

209 4327 298 4382 meint
316 4327 438 4382 dieselbe
457 4345 478 4382 s.
498 4329 556 4383 601.
576 4347 602 4383 n.
623 4329 665 4382 78.
701 4325 753 4382 'liin
776 4326 1039 4381 handsohriltliehes
1062 4325 1205 4394 exemplar
1227 4315 1339 4374 schiekle

209 4415 316 4483 Verger
333 4433 369 4469 en
389 4415 442 4468 dnn
461 4415 564 4486 herzog
582 4433 638 4471 von
657 4413 792 4470 Preussen.
