2830 5072
750 349 813 410 340
1282 346 1334 402 1562

204 519 277 578 aima
297 518 447 578 Gelsitudo
468 518 573 576 Vestra
593 523 719 590 statuet,
751 519 913 582 volueritua
934 525 1071 578 contenta
1092 536 1156 578 esse
1177 519 1282 580 loedere
1298 537 1332 580 re-

204 627 256 699 gis,
278 623 517 699 quemadmodum
538 624 678 682 hactenus
697 622 761 692 fuit,
784 626 830 683 vel
844 641 902 682 ona
915 641 979 682 cum
993 640 1064 697 rege
1079 623 1332 684 confoederationem

203 728 314 801 lacere,
336 729 381 788 vel
402 729 487 792 allam
508 743 637 788 seorsum
659 747 677 787 a
696 745 779 802 rege,
801 736 870 788 tuno
890 732 1006 803 inquam
1026 729 1062 788 de
1084 729 1139 788 hoc
1158 730 1333 788 illustrissima

205 832 355 892 Celsitudo
376 831 695 905 Vestradeliberabit,
727 833 841 907 quando
868 834 976 894 viderit
1002 851 1063 893 ram
1090 836 1121 892 in
1147 838 1288 908 procinctu
1305 837 1331 894 de
1399 877 1400 880 ,

204 939 429 1012 redintegrando
450 937 576 1008 foedere3
607 936 709 996 faciam
731 941 824 1008 enim,
856 945 889 998 ut
910 955 945 998 ea
965 940 1111 1012 intelligat
1131 942 1161 998 in
1182 941 1243 1000 dies
1261 943 1332 1000 totius

204 1043 314 1114 negotii
334 1059 532 1116 progressum,
557 1047 645 1115 atque
669 1044 783 1101 interea
811 1060 867 1102 non
896 1044 985 1102 deero
1009 1061 1062 1118 pro
1084 1045 1161 1104 uirili
1182 1061 1330 1105 conservare

203 1154 290 1220 atque
311 1148 391 1206 alere
411 1147 566 1206 amicitiam
587 1153 674 1220 atque
696 1147 784 1206 etiam
800 1163 908 1220 augere
924 1147 1053 1220 ejusdem
1068 1148 1269 1206 illustrissima
1281 1149 1330 1207 Cel·

203 1252 337 1310 situdinis
361 1252 473 1310 Vestrae
494 1253 641 1310 admistis
661 1252 800 1321 dominis,
830 1259 859 1312 et
885 1268 983 1326 spero,
1012 1269 1057 1311 me
1085 1269 1142 1311 non
1164 1269 1227 1312 esse
1247 1254 1330 1312 bacin

203 1374 236 1416 re
256 1361 385 1432 ineptum
405 1359 643 1429 instrumentum
666 1364 733 1416 sunt
754 1358 830 1414 euim
843 1357 1008 1430 Christiani,
1029 1358 1105 1431 quod
1120 1357 1241 1428 affirmo,
1260 1374 1331 1432 quare

202 1479 266 1522 eum
293 1464 360 1522 talis
387 1464 536 1536 principis,
566 1463 658 1537 qualis
686 1469 730 1521 est
751 1461 900 1522 Gelsitudo
921 1463 1027 1522 Vestra
1054 1461 1118 1537 (per
1139 1464 1195 1521 Dei
1215 1462 1330 1537 gratiam)

202 1567 340 1642 pietatem
363 1573 392 1626 et
412 1569 441 1624 iu
461 1568 657 1639 promovendo
679 1567 829 1642 evangelio
851 1567 1030 1640 diligentiam
1045 1573 1133 1640 atque
1147 1568 1274 1628 ardorem
1286 1569 1330 1626 illis

202 1671 412 1744 commendem,
440 1687 502 1730 cum
524 1688 573 1731 eos
594 1673 662 1730 mihi
682 1671 887 1743 predicatione
909 1670 1052 1743 evangelii
1073 1671 1119 1748 (ut
1139 1672 1236 1746 spero)
1262 1672 1330 1730 luori-

201 1776 334 1850 lecerim,
356 1795 420 1836 cum
441 1783 510 1836 ante
534 1779 569 1835 10
590 1793 680 1836 annos
700 1779 730 1835 in
750 1775 893 1835 Rhoetiam
914 1793 950 1834 ex
970 1773 1056 1834 Italia
1076 1756 1278 1850 profugissem,
1299 1775 1330 1834 la·

201 1881 255 1940 cile
276 1887 373 1954 potest
392 1884 470 1940 coire
491 1881 619 1942 amicitia
639 1887 726 1954 atque
752 1882 854 1952 augeri
880 1881 1026 1953 quotidie,
1058 1897 1095 1939 ne
1122 1880 1236 1940 dubitet
1260 1882 1331 1954 igitur

201 1987 351 2051 (lelsitudo
371 1987 491 2057 Vestra,
513 1987 653 2046 namhoc
674 1987 790 2060 quidem
812 1988 909 2060 agitur
930 1987 1100 2058 diligenter,
1128 1991 1161 2042 ut
1182 1985 1238 2044 Dei
1256 1985 1332 2058 gloria

200 2097 405 2166 promoveatur
424 2097 512 2166 atque
533 2099 567 2152 ut
586 2093 661 2165 baeo,
690 2092 726 2151 de
754 2108 810 2165 qua
830 2092 909 2163 dico,
938 2090 1064 2150 amicitia
1090 2091 1199 2149 arctius
1223 2089 1332 2163 quotidie

201 2197 416 2271 constringatur
426 2195 448 2254 ¹¹.

274 2303 323 2361 =De
344 2274 466 2361 concilio
491 2301 537 2359 hic
563 2301 738 2371 rescivimus,
764 2300 835 2359 illud
861 2317 953 2374 usque
978 2300 1014 2357 ad
1038 2303 1074 2356 14
1094 2299 1166 2358 Maii
1186 2301 1260 2364 diem
1279 2300 1332 2358 dor·

200 2406 319 2474 mitam,
346 2403 434 2480 atque
455 2407 568 2466 interea
588 2405 776 2462 Mantuanum
798 2403 996 2462 cardinalem²
1016 2403 1181 2474 Mantuam,
1210 2421 1271 2477 quae
1287 2418 1332 2460 uon

199 2513 285 2584 longe
306 2511 445 2570 Tridento
466 2509 557 2582 abest,
579 2511 741 2570 secessisse.
777 2511 872 2582 Quare
894 2527 957 2568 oum
979 2509 1073 2566 omnia
1092 2508 1152 2565 illic
1172 2523 1226 2580 per
1246 2509 1262 2564 6
1280 2523 1331 2578 sep

199 2617 322 2674 timanas
340 2613 438 2674 futura
458 2615 515 2673 sint
536 2615 645 2686 otiosa,
668 2615 818 2688 supersedi
839 2615 982 2674 bominem
1002 2615 1135 2684 mittere,
1158 2629 1242 2686 quem
1267 2628 1332 2670 eram

197 2719 343 2776 nrissarus.
384 2718 488 2788 Audio,
510 2724 604 2776 actum
625 2715 713 2776 luisse
735 2719 795 2776 illio
814 2721 890 2776 inter
912 2718 1074 2790 episcopm,
1095 2717 1255 2776 Mantuano
1281 2732 1332 2774 car·

198 2823 294 2881 dinale
315 2829 510 2895 promovente,
532 2824 568 2882 de
590 2823 686 2882 dando
707 2825 775 2883 mihi
798 2823 1055 2895 salvo‘eonductu,
1076 2822 1128 2880 sed
1149 2821 1263 2896 adJecta
1281 2827 1331 2878 tur·

198 2927 315 3000 pissima
334 2935 422 3002 atque
443 2928 611 3002 blasphema
632 2931 812 3002 conditione,
840 2931 908 2989 dum
932 2929 1043 2988 scilieet
1070 2927 1156 2986 uelim
1185 2939 1330 3000 agnoscere
1399 2927 1400 2930 ’

197 3037 368 3102 potestatam
388 3033 525 3090 Romanae
547 3033 692 3106 ecclesiae;
715 3033 765 3090 sed
785 3039 904 3106 paratus
930 3049 1001 3103 sum,
1022 3031 1118 3104 potius
1139 3031 1245 3104 quaevis
1265 3043 1327 3086 mar-

197 3137 274 3207 tyria
294 3134 380 3209 ferre,
402 3137 477 3195 absit
497 3153 514 3194 a
535 3156 580 3197 me
593 3137 608 3195 ¹.
640 3139 724 3210 Puto,
746 3138 877 3196 Vestram
894 3137 1121 3195 illustrissimam
1139 3133 1331 3194 celsitudinem

198 3257 274 3298 nunc
293 3239 386 3299 Ulmae
407 3242 529 3315 degere,
552 3260 640 3316 quare
661 3249 741 3302 recta
762 3243 876 3302 Ulmam
898 3241 989 3300 scribo
1017 3257 1069 3313 per
1090 3239 1270 3298 tabellarium
1289 3235 1330 3294 Ul·

198 3360 333 3417 mansem,
350 3361 438 3417 quem
459 3347 505 3404 bie
518 3348 629 3419 reperi.
665 3347 751 3406 Mitto
772 3355 868 3406 autem
889 3347 1002 3406 litteras
1022 3344 1060 3402 ad
1081 3345 1228 3402 doctorem
1247 3341 1330 3400 Ludo-

196 3447 290 3505 vicum
311 3447 422 3506 Rabum
443 3451 604 3508 ministrum
626 3453 773 3522 ecclesiae,
806 3468 890 3524 quem
916 3467 973 3509 nou
999 3447 1099 3506 dubito
1126 3447 1250 3506 fideliter
1273 3443 1329 3503 red·

140 3543 145 3558 ¹
197 3548 334 3607 diturum.
370 3597 372 3603 ,

275 3653 353 3712 Idem
375 3669 456 3734 meus
477 3671 583 3728 nepos,
613 3672 698 3728 quem
725 3655 763 3714 ad
784 3654 942 3714 Galliarum
964 3655 1092 3728 legatum
1119 3657 1202 3716 mitlo
1221 3651 1327 3714 Solodu·

197 3774 278 3828 rum,
290 3759 358 3819 inde
376 3761 405 3816 in
427 3760 537 3818 Gallias
557 3759 620 3827 ibit,
640 3759 678 3818 ibi
700 3760 821 3834 gradum
843 3759 1010 3818 doctoratus
1031 3761 1136 3820 Vestra
1156 3755 1327 3819 beneficentia

197 3869 370 3936 sumpturus,
392 3865 564 3935 attereres,
586 3883 764 3939 quacunque
784 3867 900 3938 poterit,
922 3866 959 3923 ad
980 3882 1025 3924 me
1046 3866 1082 3924 de
1101 3872 1179 3924 statu
1193 3862 1326 3935 religionis

195 3967 356 4039 perscribat
377 3975 406 4026 et
434 3975 515 4028 certa
540 3969 670 4042 quidem3
701 3969 818 4028 habebit
849 3969 926 4028 enim
957 3986 1015 4028 non
1042 3961 1153 4044 exiguae
1177 3963 1325 4028 autoritatis

196 4078 384 4142 promotores.

274 4175 305 4234 Si
332 4163 481 4235 Celsitudo
503 4177 741 4252 Vestra.aliquid
767 4179 893 4238 voluerit
923 4180 960 4238 ad
990 4197 1036 4239 me
1067 4181 1224 4240 litterarum
1251 4175 1320 4240 dara

761 4302 775 4338 'l‘

268 4393 281 4446 1
301 4390 328 4444 S.
346 4409 374 4446 n.
393 4393 435 4449 88.
