2830 5078
49 355 104 411 1500

44 529 153 589 herniam.
191 531 306 590 Interea
338 531 441 604 cupide
462 547 630 607 responsum
662 538 846 608 exspectant3
877 531 1027 604 petierunt
1054 533 1168 594 enimn

46 634 128 692 Vestra
138 635 310 699 celsitudine
325 652 378 710 per
396 637 509 696 litteras
524 642 662 708 mutuum,
684 639 729 694 cui
744 653 775 694 se
792 635 938 696 humiliter
958 637 1167 698 commendant.

43 736 101 796 Sunt
118 741 184 796 enim
206 739 376 812 Reittlingae
397 757 509 800 mecum
531 747 561 800 et
581 758 692 800 mecum
714 740 875 814 Tobingem
896 746 1088 802 revertentur.

106 844 243 904 Fortassis
273 863 328 904 non
360 853 426 906 sunt
455 847 566 906 Vestree
598 845 767 906 celsitudini
799 843 922 904 reddita
950 861 1021 904 mese
1051 845 1166 918 litterae,

42 965 96 1021 quas
113 954 174 1010 ante
198 953 235 1008 15
256 949 317 1010 iere
339 951 402 1010 dies
416 952 526 1024 scripsi,
549 951 696 1026 obtuliqne
711 951 754 1009 illi
773 955 942 1009 reverenter
956 950 1065 1024 aliquot
1076 951 1168 1024 pelles

45 1051 164 1110 zibellinas
178 1051 203 1124 ¹,
233 1069 302 1126 quas
333 1054 419 1112 etiam
436 1055 540 1111 statim
563 1052 591 1110 in
614 1068 677 1110 mee
699 1070 716 1111 o
736 1053 858 1112 Polenia
878 1053 974 1114 reditu
996 1053 1167 1128 obtuleram,

43 1161 80 1213 ant
103 1158 188 1228 gratis
215 1161 265 1214 ent
294 1173 463 1230 truncumque
486 1157 572 1216 vellet
600 1159 703 1230 pretio.
746 1157 920 1230 Dignnbitnr
949 1158 1049 1216 eodem
1077 1157 1167 1218 Celsi·

41 1260 94 1318 tole
121 1263 223 1321 Vestra
260 1262 412 1338 (siqnidem
451 1277 529 1321 meas
558 1263 715 1336 acceperit)
751 1279 839 1321 unum
876 1263 995 1322 verbnm
1031 1262 1166 1330 scribere,

38 1383 91 1423 nom
109 1383 153 1426 eas
173 1368 253 1426 velit.
295 1368 357 1440 Ege
387 1369 463 1425 enim
491 1367 590 1425 darem
617 1363 756 1440 prolecto
778 1367 822 1425 vel
844 1368 998 1426 mitterem.
1039 1367 1104 1426 Non
1126 1366 1167 1426 ini

41 1470 130 1530 otiosus
148 1473 176 1530 in
201 1473 374 1532 monasterio
395 1471 632 1532 Bebenhausensi
659 1476 745 1544 atque
776 1471 823 1530 hic
842 1471 1024 1544 Reittlingae3
1051 1489 1167 1546 possum

39 1577 100 1633 enim
119 1580 158 1636 uti
178 1579 326 1650 ingeniolo
346 1583 376 1636 et
397 1578 500 1652 spiritu
521 1577 589 1653 (Dei
610 1575 717 1652 gratia)
747 1583 777 1636 et
798 1577 926 1646 dictare,
958 1579 982 1636 ei
1012 1594 1068 1637 nen
1092 1577 1167 1652 pede

37 1696 63 1738 nc
79 1697 163 1741 manu.
201 1681 361 1740 Vertuntur
382 1699 455 1741 nunc
475 1699 492 1740 o
513 1681 672 1742 Schradine
692 1683 721 1740 in
738 1681 948 1754 Germanicum,
971 1699 1035 1756 quse
1056 1681 1166 1754 scripsi.

39 1783 194 1870 Commendo
216 1803 261 1844 me
282 1793 452 1848 reverenter
473 1787 776 1854 celsitudinttlestrae,
798 1786 886 1846 Pater
906 1787 1031 1846 coelestis
1052 1786 1094 1844 illi
1115 1803 1166 1844 au-

36 1894 89 1958 geat
108 1907 171 1949 suos
193 1891 326 1950 coelestes
347 1893 506 1960 thesauros,
528 1893 659 1964 spiritum
681 1897 711 1949 et
730 1889 816 1950 fidem
837 1905 889 1964 per
910 1889 1054 1950 Christum
1076 1890 1165 1949 demi·

37 2008 89 2049 num
108 2001 244 2054 nostrum.

99 2115 203 2176 Datum
225 2117 380 2191 Reitlingoe
402 2121 440 2178 20
460 2119 508 2178 die
529 2118 662 2180 Octobris
685 2121 768 2178 1560,

244 2223 447 2283 illustrissime
468 2223 654 2284 Oelsitndinis
675 2223 788 2284 Vestree
815 2223 938 2282 servitor

922 2325 1086 2400 Vergerins.

560 2592 624 2649 103.

314 2717 442 2806 Herzog
465 2717 640 2804 Christeph
667 2742 708 2784 en
733 2717 866 2804 Verger.

428 2862 462 2918 13
484 2860 648 2919 November
669 2860 754 2918 1560,

87 2983 193 3054 Wegen
212 2987 291 3039 einer
309 2985 389 3039 fnhre
408 2985 495 3050 vein,
524 2985 568 3040 die
589 2986 653 3041 dem
673 2985 775 3056 herzog
794 3002 847 3039 von
866 2983 993 3038 Prenllen
1020 2983 1164 3052 geschicht

30 3078 126 3133 verden
145 3080 222 3135 selle.

86 3173 213 3244 Origiual
232 3175 312 3232 nicht
330 3178 369 3232 im
388 3180 493 3234 archiv.

85 3267 324 3340 (Abgeschrieben
342 3290 391 3326 aus
410 3273 473 3327 Sixe
491 3292 511 3327 s.
533 3275 582 3329 554
603 3274 630 3343 l.)

94 3364 150 3422 Dei
174 3366 269 3438 gratia
290 3366 513 3441 Christophorns
535 3370 601 3430 Dux
621 3371 887 3444 Wirtemhergiens.

94 3468 265 3529 Reverende
286 3489 319 3530 ac
340 3473 421 3532 nobis
443 3475 562 3534 dilecte!

94 3573 211 3634 Elector
222 3576 424 3644 Palatinensis
447 3577 505 3634 dux
517 3577 648 3636 Bevnriae
670 3583 724 3636 etc.
747 3575 841 3636 affinis
862 3585 961 3637 nester
981 3579 1163 3649 clarissimus,

28 3671 94 3734 inter
122 3685 219 3739 cetera
248 3681 355 3740 scheda
376 3681 500 3754 quadam
521 3699 572 3741 nos
594 3683 781 3754 commonuit,
810 3689 843 3741 ut
869 3684 1000 3756 plaustra
1020 3683 1078 3742 vini
1099 3683 1163 3740 illn-

28 3780 158 3842 strissimn
178 3785 303 3844 Prnssiee
331 3785 395 3844 duci
418 3803 476 3844 uua
496 3803 559 3844 eum
579 3785 694 3859 praeiati
717 3787 852 3854 electoris
874 3789 939 3847 nno
960 3785 1164 3846 Baehareohiae

27 3883 116 3942 adhuc·
128 3889 241 3958 jacente
263 3889 433 3951 advehenda
453 3909 627 3950 curaremus.
671 3892 753 3964 Quod
778 3892 916 3950 haetenus
936 3908 954 3950 a
973 3890 1054 3949 vobis
1074 3893 1164 3948 inter-

28 3987 135 4048 missum
156 3996 244 4052 etsie
264 3993 331 4054 vina
351 3999 539 4066 utrorumque
561 3999 690 4052 nestrum
712 3993 750 4069 (si
776 3994 819 4053 ita
845 3992 954 4052 diutius
973 3999 1092 4052 vectura
1111 3994 1164 4050 im·

27 4090 178 4162 rediretur,
209 4113 243 4154 ac
263 4103 296 4155 ut
316 4095 455 4154 hactenns
475 4095 710 4171 prolongaretur)
740 4112 795 4154 non
818 4097 892 4156 citra
908 4099 1054 4170 jacturam
1074 4096 1163 4154 detri-

28 4197 109 4253 menti
130 4199 260 4270 quiddam
281 4217 402 4272 passura
422 4199 527 4269 forent,
548 4201 657 4261 idcireo
679 4202 836 4259 elementer
850 4217 901 4260 vos
915 4199 1111 4271 adhortamur,
1132 4204 1165 4256 nt

586 4325 600 4358 ³1<

96 4411 108 4465 1
130 4413 189 4484 vgr.
208 4433 233 4470 n.
253 4417 312 4473 101.
333 4399 409 4473 104(
