2830 5078
1290 379 1338 434 litt
1403 399 1404 406 ³

220 561 335 620 modum
356 565 386 620 ct
405 563 558 633 sumptum,
579 557 656 616 unde
679 559 770 630 possit
790 556 827 616 ad
848 554 1029 614 doctoratum
1050 553 1215 627 pervenire,
1237 555 1339 627 quoqni·
1398 602 1403 631 ,

221 663 286 722 dom
306 662 399 734 gradu
419 675 476 720 non
497 667 541 719 est
562 658 696 731 dubium,
724 660 792 732 quin
814 658 868 716 sibi
896 664 1082 730 prospectum
1108 658 1164 725 sit,
1192 658 1217 715 si
1237 659 1275 716 vir
1296 675 1340 715 esse

222 768 358 840 volucrlt3
380 765 566 824 nihilominus
581 764 604 822 si
621 763 649 821 in
667 781 701 822 eo
717 763 809 836 gradu
826 761 1007 836 assequendo
1023 780 1093 836 opus
1105 761 1341 821 babueritlrutmn

220 871 336 944 anxilio,
359 871 459 928 hortor
478 867 553 936 illos,
575 874 607 926 ut
627 885 684 928 non
705 867 790 926 modo
813 872 934 940 propter
958 869 1108 926 caritatem
1131 867 1289 934 fraternam,
1306 865 1341 922 sed
1397 910 1402 961 i

223 976 309 1035 etiam
330 975 360 1033 in
380 990 472 1033 meam
493 974 616 1046 gratiam
636 979 666 1031 et
686 973 852 1031 memoriam
870 973 973 1044 juvent
992 971 1082 1030 illum.

298 1082 370 1139 item
392 1079 469 1156 quod
488 1079 565 1138 idem
580 1078 745 1136 Ludovicus
766 1069 941 1136 et'Jacobus
961 1082 1126 1148 teneantur,
1150 1077 1221 1136 dare
1243 1077 1275 1135 de
1292 1076 1343 1133 meis

221 1186 303 1246 bonis
319 1185 490 1256 Venturino,
511 1185 631 1256 antiqno
652 1199 715 1241 meo
736 1183 878 1254 servitori,
901 1185 938 1240 50
959 1181 1078 1240 ducatos
1098 1182 1129 1239 in
1149 1185 1263 1241 ratione
1280 1181 1344 1238 libra·
1401 1263 1402 1266 Ἴ

221 1307 285 1348 rum
306 1307 356 1349 sen
377 1295 407 1348 et
427 1288 583 1347 solidorum
605 1293 730 1361 quatuor
749 1303 802 1362 pro
825 1288 956 1358 ducato,
974 1289 1034 1345 sive
1056 1287 1183 1346 uoluerit
1203 1302 1309 1346 manere
1324 1285 1344 1340 in

222 1395 341 1454 servitio
362 1393 511 1466 Ludovici,
533 1395 610 1466 quod
630 1393 810 1452 Ludovicum
831 1410 910 1466 rogo,
932 1395 991 1452 sive
1012 1395 1113 1452 minus.

300 1498 416 1558 Caecilia
435 1515 500 1558 mea
520 1515 603 1559 soror
623 1506 653 1558 et
672 1506 733 1558 tres
755 1499 819 1571 ejus
846 1499 898 1556 filii
925 1515 983 1557 non
1010 1498 1118 1557 babent
1145 1514 1217 1571 opus
1246 1513 1292 1569 per
1308 1495 1348 1553 bei
1403 1555 1404 1570 2

221 1605 344 1678 gratiam
365 1611 394 1663 et
414 1611 481 1664 sunt
501 1605 591 1664 multo
613 1606 748 1676 ditiores,
778 1620 864 1678 quam
885 1605 935 1662 alii
957 1605 1011 1662 urei
1032 1609 1164 1677 nepotes,
1187 1602 1347 1660 nibilominus

222 1711 252 1768 in
273 1710 385 1783 signum
404 1712 510 1769 amoris
531 1717 561 1768 et
581 1709 791 1769 benevolentiae
812 1711 889 1768 volo:
911 1707 1180 1767 dictusLudouicus
1202 1714 1232 1766 et
1248 1705 1349 1768 Jacobus

223 1815 293 1874 dent
313 1816 359 1874 vel
379 1815 449 1889 ipsae
470 1815 602 1884 Caeciliae,
624 1815 669 1873 vel
691 1816 754 1888 ejus
774 1815 838 1873 loco
859 1813 926 1872 filiis
947 1814 1006 1872 suis
1027 1815 1064 1870 25
1084 1812 1221 1873 florenos.
1398 1887 1399 1894 ἵ

301 1921 434 1980 Antoniae
456 1919 492 1978 de
507 1920 647 1992 Apolonio
670 1926 699 1978 et
720 1921 804 1978 simul
825 1918 892 1978 filiis
913 1920 972 1977 suis
994 1919 1058 1976 volo
1073 1919 1174 1990 viginti
1197 1917 1296 1976 lloreni
1313 1933 1350 1973 m-

226 2032 383 2086 merentur.

301 2129 372 2190 uum
392 2129 531 2189 Ludouici
559 2136 590 2188 et
609 2129 709 2189 iacobi
735 2131 909 2188 manitionem
930 2129 1057 2201 fecerim,
1088 2145 1146 2187 non
1173 2134 1218 2186 est
1248 2126 1351 2191 dubium,

223 2237 292 2310 quin
313 2251 422 2295 memor
442 2233 545 2294 fuerim
572 2236 672 2293 matris
700 2251 799 2296 eorum
827 2241 857 2294 et
883 2250 1012 2294 sororum
1044 2240 1074 2292 et
1100 2234 1200 2290 amicae
1220 2231 1351 2299 Lucretia,

222 2356 293 2413 quas
313 2355 397 2414 spero
417 2337 530 2397 futuras
551 2336 608 2396 illis
629 2337 859 2409 commendatas,
887 2343 917 2395 et
937 2337 1028 2409 magis
1049 2337 1136 2396 etiam
1158 2337 1353 2396 commendatas

221 2443 369 2502 babituros
389 2443 419 2500 in
439 2444 496 2500 mei
516 2443 638 2516 gratiam
661 2449 690 2501 et
711 2445 885 2501 memoriam.

304 2549 459 2608 Ludovicae
480 2564 553 2606 meae
580 2549 678 2622 nepoti
704 2564 739 2606 eu
766 2547 857 2606 iratre
885 2555 915 2606 et
941 2547 1034 2606 tribus
1065 2549 1136 2606 meis
1165 2546 1355 2622 pronepotibus
1403 2611 1404 2615 η

223 2653 396 2727 (latberinae,
418 2655 523 2713 Sancto
545 2660 575 2712 et
589 2655 744 2713 Francisco
765 2654 839 2722 volo,
861 2659 892 2712 ut
913 2657 951 2712 20
971 2652 1072 2711 floreni
1093 2660 1291 2720 numerentur,
1309 2665 1356 2708 non
1403 2694 1404 2724 ἶ

223 2758 299 2832 quod
320 2765 433 2832 egeant,
454 2757 505 2816 sed
526 2759 631 2817 amoris
652 2765 682 2816 et
701 2759 911 2818 benevolentias
931 2774 1027 2816 causa.

302 2859 469 2920 Christiano
491 2862 599 2920 bomini
619 2863 648 2919 in
669 2865 781 2920 tantum
803 2878 873 2932 opus
894 2867 940 2919 est
958 2861 1011 2918 tali
1040 2862 1081 2918 uti
1109 2862 1308 2934 ordinatione,
1334 2861 1356 2916 in

222 2973 359 3041 quantum
380 2966 450 3026 velit
470 2967 573 3026 tollere
595 2967 795 3026 contentiones
823 2973 852 3024 et
872 2967 952 3039 lites,
982 2983 1046 3040 quae
1073 2973 1138 3038 post
1165 2984 1197 3026 se
1226 2966 1295 3026 oriri
1321 2980 1356 3022 so·

222 3073 293 3142 lent,
313 3073 475 3146 praesertim
495 3087 564 3131 uero
586 3087 648 3130 oum
670 3089 727 3130 non
748 3077 859 3132 tantum
879 3073 917 3130 sit
937 3073 966 3129 in
987 3072 1160 3143 hereditate,
1183 3073 1260 3131 unde
1281 3070 1359 3144 possit
1403 3101 1404 3138 ,

222 3176 319 3235 multis
341 3194 422 3250 aeqne
442 3179 567 3250 prospici
588 3183 618 3235 st
639 3194 694 3235 non
716 3177 858 3236 habeatnr
877 3179 952 3235 ratio
974 3193 1088 3250 eorum,
1116 3179 1164 3250 qui
1187 3179 1278 3250 magis
1296 3175 1358 3234 indi·
1403 3209 1404 3242 3

89 3269 111 3286 “
222 3284 308 3352 gent;
331 3295 420 3352 quare
438 3294 538 3337 omnes
552 3281 652 3366 hortor
665 3280 695 3336 in
710 3279 833 3352 Christo,
856 3281 975 3339 utboni
997 3282 1157 3352 consulant,
1180 3282 1358 3356 exemploque
1403 3257 1404 3348 l

220 3399 285 3442 meo
305 3381 462 3456 proferant
483 3383 627 3442 Christum
656 3385 744 3443 etiem
770 3387 800 3443 in
820 3391 992 3458 paupertate
1014 3392 1044 3444 et
1064 3386 1300 3446 tribulationibus
1319 3386 1359 3442 bo·

222 3487 340 3550 nuribus
360 3493 390 3545 et
410 3487 511 3560 opibus
532 3489 630 3546 mundi
651 3494 681 3547 et
701 3490 756 3547 toti
785 3491 919 3563 papatui,
947 3491 994 3562 qui
1022 3491 1059 3548 sit
1084 3491 1254 3552 maledictus
1276 3494 1305 3550 in
1325 3507 1362 3548 sc·

222 3589 287 3650 cula
304 3597 338 3650 -et
354 3592 450 3649 omnis
469 3593 591 3666 populus
612 3593 690 3652 dicat
710 3595 808 3652 ameni

301 3696 384 3754 Hunc
410 3697 525 3754 scedam
552 3696 659 3755 dictavi
686 3713 739 3770 ego
761 3697 917 3770 Vergerius
938 3699 1065 3757 existens
1084 3700 1114 3757 in
1135 3701 1213 3758 lecto
1233 3701 1362 3770 Tubingae

221 3802 377 3862 in-duoatu
395 3803 582 3862 illustrissimi
605 3803 632 3860 d.
646 3801 853 3875 Obristophori,
876 3803 957 3861 ducis
971 3803 1207 3877 Wirtcmbergiei
1226 3813 1283 3865 etc.
1303 3805 1363 3876 piis·

221 3907 291 3967 simi·
306 3907 572 3982 etsapientissimi,
600 3923 682 3980 quom
705 3909 814 3966 utinam
835 3925 933 3967 omnes
953 3925 1038 3982 reges
1059 3916 1088 3968 et
1108 3911 1249 3983 principes
1270 3907 1362 3968 mundi

222 4013 252 4070 in
272 4013 467 4086 promovenda
487 4028 556 4072 vera
576 4013 708 4073 doctrina
728 4018 759 4072 et
778 4013 872 4087 gloria
890 4014 946 4072 Dei
967 4015 1161 4086 imitarentur,
1189 4015 1265 4090 quod
1287 4015 1363 4074 testi·

222 4118 348 4175 monium
370 4117 406 4176 de
421 4117 470 4176 illo
487 4117 612 4178 libenter
625 4117 767 4192 relinquo,
788 4117 918 4179 infirmus
928 4120 1043 4192 quidem
1057 4137 1187 4194 corpore,
1208 4120 1256 4180 sed
1272 4120 1361 4178 animo

222 4218 287 4296 (per
307 4222 362 4280 Dei
388 4221 523 4298 gratiam)
554 4239 624 4281 sano
652 4229 682 4282 et
709 4225 738 4281 in
760 4223 906 4282 Christum
934 4231 1032 4282 erecto
1060 4233 1090 4285 et
1116 4225 1362 4293 confidentissimo,

223 4327 276 4399 qui,
291 4326 362 4384 mibi
386 4343 439 4386 sua
464 4333 557 4394 morte
584 4329 700 4400 aperuit
726 4335 826 4401 portas
846 4330 914 4388 vitae
935 4334 1052 4394 aeternae
1074 4337 1104 4390 et
1123 4329 1185 4390 haec
1204 4335 1245 4388 est
1264 4327 1361 4402 praeci·

221 4431 305 4502 cipua
324 4447 389 4489 mea
410 4429 565 4502 confessio,
592 4449 676 4506 quam
691 4433 783 4493 uelim
803 4433 840 4492 ab
861 4433 991 4494 omnibus
1012 4435 1171 4507 amplecti.¹
1197 4433 1268 4494 Nori
1290 4432 1361 4491 enim
