2862 5080
85 367 153 424 1564
266 361 271 368 ’
624 373 686 436 409

84 541 150 601 dam
177 540 276 602 amicis
305 541 391 602 animi
415 542 510 615 gratia
540 542 677 604 exiverim
705 541 794 616 pedes
819 545 933 614 portam
953 539 1165 615 Tuhingensom
1192 537 1230 600 ad

84 644 244 714 Lusnaum;
277 643 327 702 ubi
347 659 409 703 cum
430 645 659 719 pervenissemus
683 646 770 719 paulo
798 645 876 704 ultra
902 641 1047 704 fornacem
1075 643 1228 718 lapideam,

84 747 268 808 decertabam
289 764 352 808 cum
377 749 490 824 aliquo,
517 754 636 822 tangere
657 749 813 809 bombarda
833 755 946 810 certum¹
964 750 1089 824 lapidem
1109 751 1139 809 in
1160 765 1230 824 quo·

83 853 151 912 dam
181 868 262 913 muro
290 854 443 926 signatum.
484 854 547 926 Quo
573 853 649 914 lacto
674 853 749 914 torte
778 854 1020 930 obequitavemm
1044 853 1101 914 duo
1126 853 1156 912 iu
1184 853 1232 914 via

83 959 167 1030 regia
187 956 264 1033 (uam
284 973 495 1018 secesseramns
527 975 578 1020 nos
603 959 640 1018 ad
666 959 755 1028 viam,
784 975 840 1033 qna
867 959 1068 1026 conscenditur
1094 958 1231 1018 convallis

83 1067 151 1135 post
170 1061 275 1122 dictam
295 1059 465 1141 fornacem),
486 1065 536 1138 qui
557 1062 611 1122 hoe
631 1063 732 1122 audito
755 1061 837 1123 uuieo
858 1064 954 1123 sonitu
975 1062 1055 1140 (qnia
1069 1062 1154 1123 unica
1167 1067 1230 1122 tan·

84 1171 147 1224 tum
173 1171 236 1225 erat
262 1164 433 1241 bombarda)
461 1173 662 1236 accurrerunt,
689 1168 919 1239 interrogantes,
947 1183 1004 1241 quo
1030 1165 1116 1226 modo
1142 1163 1232 1224 luerit

83 1270 209 1342 displosa
228 1269 385 1331 bombarda
406 1276 437 1330 et
457 1271 655 1346 quapropter?
676 1269 894 1346 significabatur
914 1272 1038 1331 etlocus
1054 1287 1168 1348 quoqne
1181 1270 1230 1328 de·

83 1375 299 1435 monstrabatur
318 1376 368 1449 iis3
397 1377 614 1449 interrogarunt
639 1381 756 1450 postea,
787 1377 916 1452 quisnam
945 1391 999 1450 ego
1026 1390 1133 1448 essem3
1161 1373 1231 1445 dixi,

7 1511 11 1519 =
83 1496 130 1538 ma
151 1479 299 1552 indiguum
320 1497 383 1540 esse
404 1482 573 1542 servitorem
595 1481 783 1542 Celsiludiuis
806 1481 917 1542 Vestrae
938 1481 1156 1550 illustrissimm3
1181 1497 1232 1556 pe·

83 1586 209 1668 tierent,
234 1591 267 1644 ut
287 1583 477 1658 significarem
498 1601 589 1646 meam
610 1603 771 1662 personam,
792 1586 860 1656 dixi,
881 1603 926 1646 me
948 1601 1011 1646 esse
1031 1585 1139 1644 domini
1158 1585 1230 1644 Ver-

84 1689 160 1764 gerii
180 1696 325 1762 nepotem.
355 1689 418 1750 Hoc
435 1688 543 1758 audito,
565 1689 650 1762 petiit
669 1705 687 1746 a
707 1705 752 1748 me
773 1705 830 1748 uon
850 1693 908 1747 tam
928 1686 1058 1761 prolecto
1078 1689 1231 1760 imperiose

86 1808 172 1866 quam
193 1792 315 1860 duriter,
336 1797 368 1852 ut
387 1791 430 1850 illi
450 1791 635 1860 bombardam
656 1791 811 1852 traderem.
852 1791 962 1868 Rogavi
984 1809 1051 1866 ego,
1072 1799 1169 1852 utrum
1190 1793 1234 1852 illi

86 1897 148 1956 haee
173 1900 302 1968 potestas
327 1903 405 1956 esset
428 1914 445 1956 a
465 1897 644 1956 Celsitudiuo
665 1897 769 1956 Vestra
795 1897 991 1956 illustrissima
1020 1915 1171 1967 concessa,
1200 1903 1235 1959 ut

83 2000 301 2074 possitVestrae
322 2000 507 2061 eelsitudinis
527 2003 682 2062 servitores
702 2003 790 2062 armis
809 2002 934 2076 spoliare
954 2010 1074 2077 propter
1093 2019 1155 2062 rem
1174 2007 1233 2060 tam

84 2107 210 2179 nullam;
237 2103 411 2179 affirmabat,
431 2108 515 2166 minis
535 2123 649 2182 quoque
670 2107 787 2166 additis.
828 2107 893 2166 Non
913 2106 996 2182 potui
1016 2123 1072 2166 nou
1100 2106 1229 2179 obedire,

83 2213 170 2272 sicuti
192 2210 279 2270 debui
299 2217 476 2286 reverenter,
497 2213 583 2286 petiit
603 2214 690 2271 etiam
705 2211 867 2286 flasculum;
889 2228 999 2272 mecum
1012 2229 1069 2272 uon
1082 2211 1232 2284 habebam,

83 2317 153 2391 quia
180 2321 300 2375 onerata
327 2322 391 2376 erat
421 2316 498 2376 domi
522 2317 681 2377 bombarda
707 2323 775 2377 aute
803 2319 914 2393 aliquot
940 2317 1020 2389 dies,
1053 2323 1083 2376 et
1109 2321 1142 2376 nt
1169 2331 1233 2376 eam

83 2436 290 2494 exonerarem,
311 2421 464 2480 salvaram.
506 2422 576 2494 Quae
597 2422 700 2495 habui,
730 2422 796 2481 dedi
817 2425 846 2482 iu
866 2439 975 2482 summa
995 2429 1115 2496 propter
1134 2421 1232 2482 obedi·

82 2528 194 2587 entiam
213 2543 318 2596 meam3
340 2527 365 2586 is
386 2526 538 2588 discedens
550 2528 731 2602 significavit,
751 2545 782 2588 ae
803 2545 869 2604 essa
887 2526 1053 2602 praefectum
1074 2528 1162 2595 silvis,
1183 2529 1232 2602 qui

81 2638 206 2705 accepta
225 2631 383 2691 bombarda
402 2649 466 2692 maa
486 2639 515 2692 et
536 2632 631 2692 verbis
651 2634 745 2692 minus
765 2635 856 2706 gratis
875 2632 995 2706 prolatis
1016 2632 1155 2691 discessit.

164 2737 238 2810 Ego,
256 2736 325 2811 quid
339 2735 451 2812 faciam,
466 2744 609 2812 praterea
625 2741 731 2810 nescio,
750 2740 804 2798 uisi
815 2739 852 2798 ad
862 2738 1087 2798 Illustrissimam
1097 2737 1232 2795 Vestram

78 2843 227 2916 justitiam
247 2849 334 2916 atque
355 2843 535 2903 clementiam
555 2859 717 2913 accurrere,
738 2845 784 2901 cui
805 2849 974 2902 reverenter
986 2847 1074 2917 atqua
1085 2842 1234 2902 humiliter

82 2929 226 3022 supplico,¹
246 2963 282 3004 ne
302 2947 440 3020 patiatur,
462 2947 549 3006 talem
569 2947 638 3006 mihi
657 2964 709 3006 suo
730 2945 896 3006 fidelissimo
916 2953 947 3006 et
967 2947 1095 3021 quamvis
1113 2946 1234 3019 indigno

82 3052 284 3112 addictissimo
305 3057 401 3110 tamen
426 3054 560 3112 servitori
587 3054 611 3111 si
639 3055 703 3127 quis
729 3051 893 3112 mortalium
921 3051 1055 3126 iujuriam
1079 3041 1161 3123 ficri,
1182 3050 1233 3109 sed

83 3157 224 3230 dignetur·
243 3172 295 3230 pro
317 3173 370 3215 sua
390 3173 499 3215 summa
519 3157 674 3216 clementia
698 3173 751 3232 per
771 3157 886 3216 litteras
905 3157 1042 3215 mandare
1062 3155 1140 3215 dicto
1160 3171 1233 3229 prse-

82 3260 174 3329 feoto,
195 3267 228 3318 ut
247 3261 316 3319 mihi
336 3276 428 3320 meam
450 3260 637 3320 bombardam
655 3264 800 3333 restituat,
822 3271 851 3324 et
869 3280 905 3323 ua
927 3259 1234 3322 Celsitudlnisllestraa

83 3364 245 3425 servitores
264 3371 323 3424 tam
342 3366 537 3425 inhumaniter
556 3366 675 3439 posthac
696 3365 829 3440 excipiat.

165 3468 229 3528 Hoc
248 3468 385 3542 supplico,
406 3470 599 3530 illustrissime
614 3469 761 3543 Princeps,
783 3469 1010 3531 clementissime
1024 3471 1156 3544 Domine,
1176 3487 1234 3530 nou

82 3581 208 3649 propter
228 3573 412 3634 bombardam
433 3581 554 3647 tantum,
577 3593 640 3651 quae
661 3576 765 3650 exigua
784 3593 831 3636 res
852 3582 905 3648 est,
927 3576 1023 3635 sedut
1036 3575 1102 3635 huic
1115 3576 1233 3647 rumori,

85 3679 137 3754 qui
158 3679 252 3738 estin
273 3679 390 3740 civitate
407 3682 469 3753 jann
490 3697 621 3754 sparsus,
651 3681 813 3740 remedium
834 3679 945 3751 ieram,
974 3685 1005 3740 et
1025 3682 1122 3754 aliquo
1148 3680 1234 3739 modo

83 3783 192 3843 honori
212 3801 277 3843 meo
297 3785 451 3858 consulam,
472 3801 509 3846 ue
530 3786 631 3846 ridear
651 3787 692 3846 ita
712 3787 879 3859 despectus,
907 3786 976 3861 quin
996 3786 1051 3860 hoe
1070 3783 1147 3860 apud
1167 3783 1233 3844 Gel-

84 3887 244 3950 situdinem
276 3889 409 3948 Vestram
440 3890 663 3949 illustrissimam
695 3891 852 3963 impetrare
883 3889 1001 3949 valeam.
1052 3888 1233 3960 Quapropter

83 3993 164 4051 huuc
183 3993 330 4066 proprium
351 3993 435 4052 mitto
456 3993 596 4065 nuntium,
618 3993 666 4067 qni
681 3993 735 4052 hoc
750 3994 915 4053 marrdatnm
932 3991 1050 4065 referat,
1072 3993 1235 4065 supplicans

83 4115 140 4172 per
155 4096 309 4169 Christum,
331 4105 364 4158 ut
384 4099 438 4157 hoc
458 4098 527 4156 milri
548 4114 604 4156 nou
619 4098 745 4172 deneget
757 4098 904 4158 Celsitudo
915 4097 1019 4158 Vestra
1033 4097 1234 4169 Illustrissima‚

84 4207 134 4265 cui
154 4221 201 4266 me
222 4210 392 4264 reverenter
412 4205 589 4264 commendo.
620 4205 709 4264 Pater
729 4205 835 4264 domiui
856 4203 948 4264 nostri
968 4202 1038 4261 Jesu
1060 4199 1166 4260 Christi
1187 4217 1234 4260 cu·

84 4309 196 4371 stodiat
215 4309 299 4368 illam
319 4313 406 4383 atque
427 4313 532 4382 augeat
550 4309 588 4366 ad
607 4309 729 4381 gloriam
749 4307 871 4368 nominis
892 4307 937 4366 sui
958 4306 1170 4380 sempiternam.

165 4417 306 4489 Tubingae
325 4415 427 4475 xxm
446 4414 546 4475 Martii
568 4415 652 4474 1564.
