2862 5080
789 389 850 448 354
1326 386 1371 442 lali

249 555 324 615 vinis
337 557 355 625 ¹,
377 557 425 628 qui
447 556 525 613 veuit
546 557 676 626 ipsemet,
698 562 730 623 ut
751 573 786 614 aa
807 556 911 616 offerat
931 565 960 616 et
982 565 1152 618 reverenter
1173 561 1371 620 illustrissimam

249 648 458 720 ¹celsitudinem
471 661 606 719 Vestram
620 663 735 731 invisat,
757 661 848 721 bonus
865 662 995 734 proiecto
1014 664 1129 734 juvenis
1151 672 1181 722 et
1197 665 1300 723 studiis
1314 665 1372 723 vdie

248 767 407 824 intentus·.
449 766 512 836 Ego
533 783 620 824 anum
643 767 791 824 dumtaxat
812 783 866 839 par
887 767 1031 838 videram,
1064 769 1114 826 sed
1140 779 1209 827 sunt
1230 770 1287 828 duo
1307 770 1372 842 paria.

249 872 345 944 qualia
366 869 514 928 Celsitudo
536 870 640 929 Vestra
661 873 756 929 visura
777 879 829 954 ast.
872 872 942 930 Gurn
964 872 1078 931 domino
1100 873 1272 945 Melchiore,
1294 875 1335 946 qni
1351 890 1372 930 cn

247 976 346 1034 attulit
367 991 402 1032 ex
425 975 558 1032 Litnania
580 990 686 1052 usque,
719 975 797 1031 venit
818 973 904 1032 etiam
927 973 1030 1033 nobilis
1059 975 1244 1045 adolescens,
1275 976 1309 1032 de
1334 993 1372 1048 qno

249 1095 345 1138 coram
365 1079 434 1146 dixi,
456 1081 504 1152 qui
525 1079 634 1136 seilicet
655 1077 778 1150 profecit
798 1080 827 1136 in
849 1078 955 1136 littaris
968 1079 1006 1136 ad
1021 1081 1192 1137 miraculum
1207 1097 1309 1152 usqne;
1328 1097 1371 1137 cun

249 1187 324 1243 enim
345 1183 503 1255 Tubingam
525 1183 652 1240 venisset
671 1183 757 1254 plane
777 1183 859 1240 rudis
880 1184 1058 1255 litterarum,
1086 1194 1117 1244 ut
1139 1202 1192 1244 nee
1212 1187 1289 1258 loqui
1309 1201 1371 1242 noun
1417 1239 1418 1264 ,

158 1317 161 1322 ·
249 1289 366 1348 verbum
388 1291 477 1347 iatine
499 1295 596 1361 posset
617 1295 751 1360 essetque
768 1291 829 1361 jam
851 1291 975 1360 adultus,
998 1307 1071 1348 rrurrc
1094 1298 1124 1348 et
1145 1290 1290 1348 commode
1303 1290 1372 1362 loqui·
1417 1277 1418 1350 ι

249 1403 297 1453 tur
318 1396 406 1453 latine
427 1402 456 1453 et
479 1395 569 1452 multa
589 1401 734 1466 practerea
755 1393 864 1463 didicit,
886 1411 970 1467 quem
991 1401 1161 1452 reverenter
1182 1393 1346 1452 commendo.
1417 1415 1418 1466 3

329 1498 443 1557 Utinam
475 1499 673 1556 illustrissime
705 1497 853 1556 Ocisitudo
882 1499 986 1558 Vestra
1017 1497 1188 1569 dignaretur
1218 1499 1333 1557 scribere
1354 1497 1372 1553 l.
1417 1475 1418 1506 ³

251 1601 415 1677 Sneplrio¹,
448 1609 479 1660 ut
509 1603 578 1660 urilri
606 1601 760 1661 videndam
789 1601 874 1660 daret
903 1605 1039 1676 scripturn
1067 1619 1161 1674 nuper
1181 1603 1372 1662 conlectumde
1417 1673 1418 1676 Ἴ

251 1708 434 1765 recusatione
455 1705 577 1777 concilii,
600 1707 675 1780 quod
697 1707 794 1764 statim
816 1706 989 1764 redderem·

328 1810 550 1883 Rhetlingenses
570 1809 766 1869 reformarunt
779 1809 1041 1882 supplicatiouern³
1061 1811 1097 1868 ad
1117 1828 1182 1868 corn
1198 1809 1313 1878 modum,
1331 1823 1372 1880 qno

251 1915 447 1974 illustrissima
468 1913 617 1974 Celsitudo
639 1916 743 1974 Vestra
763 1915 916 1974 videbatur
938 1917 1025 1986 relic,
1048 1932 1135 1990 quam
1155 1916 1254 1986 mitto,
1281 1923 1307 1973 et
1323 1930 1372 1985 sup-

250 2023 334 2094 plico,
357 2028 387 2078 nt
407 2021 443 2080 ad
466 2028 596 2078 senatum
618 2020 855 2091 Rhetlingenscrn
875 2020 988 2079 Vestris
1010 2020 1115 2078 litteris
1135 2021 1248 2078 inclusa
1267 2019 1371 2077 mittatur

251 2143 304 2198 pro
331 2126 433 2183 Vestra
463 2124 648 2184 elemerrtia¹'⁴
696 2126 761 2183 Non
792 2126 917 2198 petimus
948 2141 1065 2196 prorsus
1097 2123 1310 2193 liberationem,
1334 2121 1371 2179 sed

251 2232 401 2290 dumtaxat
422 2237 454 2288 ut
475 2247 561 2303 poena
581 2229 745 2301 ignominiae
766 2233 794 2287 in
816 2231 1009 2301 pecuniariam
1032 2235 1238 2300 commutetur,
1266 2227 1330 2300 quod
1349 2231 1371 2280 nl

251 2335 605 2394 ClementiaVestravclit
625 2334 751 2406 efficere,
774 2335 895 2408 supplex
915 2341 992 2407 peto.
1025 2333 1176 2400 Putabam,
1198 2332 1282 2391 hodie
1300 2329 1371 2390 ieran-

252 2441 315 2500 dam
337 2457 401 2499 esse
423 2441 603 2506 sententiam,
626 2440 677 2498 scd
699 2440 789 2497 dilata
809 2456 857 2498 res
878 2446 930 2509 ast,
952 2445 1048 2496 tamen
1071 2453 1106 2494 ue
1128 2454 1164 2495 ex
1184 2436 1327 2509 improviso
1342 2431 1371 2489 le-

251 2537 351 2613 retur,
382 2543 512 2616 proderit
540 2543 652 2599 litterae
675 2541 862 2600 Gelsitudinis
883 2541 995 2600 Vestrae
1023 2541 1229 2599 illustrissima
1260 2543 1285 2598 in
1310 2555 1370 2596 nmo
1416 2603 1417 2612 χ

250 2649 366 2716 trabere,
388 2653 543 2720 propterea
565 2646 700 2705 famulum
723 2649 812 2715 mitto,
836 2663 1005 2719 quamquam
1027 2648 1075 2704 isti
1091 2648 1148 2704 duo
1162 2647 1272 2704 nobiles
1285 2659 1370 2719 quoque

253 2753 393 2811 curabant
414 2753 569 2821 negotium.

331 2857 414 2915 Meus
442 2873 530 2929 nepos
558 2855 717 2913 Aurelius⁴
745 2855 805 2926 agit
836 2856 987 2914 immensas
1013 2857 1120 2926 gratias
1149 2856 1284 2929 imprimis
1308 2851 1365 2910 Patri

253 2964 373 3033 coelesti,
395 2961 500 3024 deinde
516 2961 627 3018 Vestrae
643 2960 810 3019 Clementiae
831 2968 917 3033 atque
933 2960 1049 3030 Pietati,
1070 2961 1210 3033 dabitque
1230 2959 1366 3030 diligentem

253 3081 369 3136 operam
391 3070 451 3121 tum
472 3064 530 3120 suis
551 3063 662 3128 studiis,
686 3069 744 3120 turn
766 3065 872 3134 linguae
889 3063 1076 3134 Germanicae,
1098 3081 1187 3136 seque
1209 3080 1263 3122 nna
1281 3073 1364 3120 nacon

254 3175 422 3227 reverenter
450 3169 653 3226 illustrissimae
676 3168 846 3226 Celsitudini
870 3169 980 3226 Vestrae
1009 3169 1198 3227 commendat.
1239 3168 1326 3225 Gratia
1346 3167 1366 3217 cl

258 3288 314 3346 pax
337 3275 442 3332 domini
466 3275 555 3330 nostri
577 3274 646 3331 iesu
668 3273 774 3330 (timisti
796 3291 858 3330 crim
880 3274 939 3331 illa.

332 3396 471 3467 rruosngae
492 3398 529 3452 aa
550 3395 620 3454 rulo
646 3398 729 3452 raca.
881 3373 884 3378 ’

483 3517 687 3575 illustrissimae
709 3517 895 3576 celsitudinis
916 3502 1028 3575 Vestrae
1048 3519 1173 3575 servitor

1156 3618 1309 3690 Vergerius.

323 3725 616 3795 Randbamerkungcn
636 3741 690 3778 rou
711 3724 757 3778 des
776 3725 891 3794 hernogs
911 3723 1002 3778 hand:
1349 3795 1353 3805 Ι

323 3832 340 3865 ιι
360 3811 410 3867 Die
429 3811 645 3866 hirschhornner
664 3827 728 3880 seye
748 3811 840 3872 echon,
863 3811 936 3864 habe
957 3811 1102 3878 daswegen
1117 3810 1171 3864 ime
1184 3805 1312 3862 berolhen,
1326 3812 1364 3848 aer·

256 3917 317 3951 nem
338 3899 407 3952 hern
428 3898 520 3952 danai<
539 3915 572 3951 an
592 3915 688 3966 sagen.

282 3994 296 4052 s
324 3985 498 4041 bSchiokhe
518 3986 572 4040 ime
592 3986 637 4039 die
657 3985 817 4039 fiirsnhritit.

818 4101 833 4134 a

326 4182 338 4232 i
360 4179 386 4231 S.
409 4197 435 4231 n.
459 4180 516 4231 157.

326 4268 341 4318 2
361 4266 387 4320 S.
406 4283 431 4318 n.
455 4266 511 4318 lii.

324 4354 341 4403 3
360 4352 540 4413 Unbekannt,
561 4351 611 4404 auf
628 4369 684 4404 was
703 4351 761 4404 siah
781 4352 826 4404 die
846 4351 918 4404 bitte
939 4349 1055 4403 benieht¹

326 4438 386 4490 48.
407 4455 434 4490 n.
456 4439 512 4491 158.
