2830 5072
729 345 809 416 ,314
1282 341 1338 398 itti

207 573 210 576 .
285 517 481 578 illustrissime
499 519 638 593 Princeps
659 525 689 578 et
711 520 833 578 Domine
855 520 977 578 Domine
1000 518 1245 580 Clementiesimel

281 623 367 682 Mane
380 623 528 684 dumtaxat
539 627 636 698 accepi
650 632 820 684 reverenter
831 625 1036 686 illustrissime
1048 623 1234 685 Celsitndinis
1244 626 1341 684 vestre

104 800 107 810 Ι
205 728 319 786 litteras
339 727 421 785 binas
442 727 500 787 diei
518 731 553 787 10
567 729 653 802 hujus
671 731 786 800 mensis,
808 729 892 786 simul
913 745 976 788 cnm
996 733 1184 802 responsione
1206 730 1244 788 ad
1263 747 1343 788 menn

206 833 372 892 memoriale
393 834 422 892 in
444 849 531 894 causa
551 835 745 895 ministrorum
768 835 900 904 exulum,
933 834 982 907 qui
1009 840 1077 892 sunt
1096 836 1125 892 in
1147 834 1277 906 Rhamis,
1302 851 1344 892 nec

205 953 261 996 non
283 953 346 996 cnm
367 954 431 998 meo
452 937 536 1010 libro,
558 956 642 1012 quem
663 940 699 998 de
721 939 842 1000 concilio
863 940 973 1013 scripsi.
1006 939 1123 998 Gratias
1144 956 1200 1012 ago
1220 931 1344 998 maximas

204 1058 256 1115 pro
278 1047 360 1102 tanta
379 1043 542 1103 clementia.
582 1045 775 1117 Respondebo
796 1044 926 1104 breviter
946 1043 984 1102 ad
1006 1044 1110 1102 omnia.

286 1148 533 1208 Consultissimnm
562 1154 621 1217 est,
651 1149 728 1223 qnod
756 1149 793 1208 ad
813 1165 906 1208 meam
928 1135 1137 1222 profectionem
1157 1150 1187 1206 in
1210 1148 1344 1206 Gallianr¹

207 1251 322 1316 attinet,
345 1258 378 1310 ut
398 1268 565 1326 responsant
588 1251 734 1310 novissimi
756 1251 850 1310 nuntii
870 1257 1062 1324 exspectetur,
1084 1253 1142 1310 imo
1164 1243 1343 1312 necessarium

208 1360 261 1412 est.
289 1352 471 1428 Exspectabo
485 1355 583 1427 itaque
599 1355 686 1412 etiam
706 1353 841 1426 libenter,
862 1354 929 1412 dum
950 1355 1074 1428 impetus
1095 1355 1198 1414 hiemis
1212 1357 1344 1424 desaeuiat,

207 1457 312 1518 deiude
334 1458 401 1531 quia
420 1459 534 1518 interea
555 1459 692 1516 nonnulla
705 1458 819 1529 colligo,
841 1475 905 1530 quae
922 1435 1041 1529 prorsus
1054 1457 1344 1519 faciuntadGalliam.

210 1561 254 1621 Sit
274 1579 343 1634 ergo
364 1563 509 1628 conclusio
529 1563 558 1620 in
581 1563 696 1620 nomine
717 1563 841 1629 Domini,
863 1569 895 1621 ut
916 1569 1121 1636 exspectemus.

289 1668 432 1740 Quantum
453 1668 490 1726 ad
511 1667 614 1728 librum
636 1667 754 1728 meum²
780 1669 902 1735 attinet,
934 1669 1003 1726 nihil
1029 1670 1099 1726 mibi
1122 1671 1268 1742 potuisset
1292 1685 1346 1726 cun·
1407 1723 1408 1726 ,

210 1774 325 1846 ungere
343 1774 508 1847 jucundius,
529 1791 614 1847 qnam
635 1791 671 1833 ne
693 1792 768 1833 nuno
787 1775 816 1832 in
837 1773 981 1848 publicum
999 1773 1187 1846 evulgaretur
1199 1791 1255 1846 per
1266 1779 1346 1846 typos,

211 1879 235 1936 si
256 1878 324 1936 milri
346 1878 374 1936 in
396 1879 547 1940 tractanda
568 1881 691 1939 materia
712 1881 775 1939 usui
800 1879 955 1954 aliquando
984 1895 1047 1940 esse
1075 1879 1180 1950 debet,
1214 1886 1249 1938 ut
1274 1895 1347 1952 spero

209 1981 344 2044 futurum.
388 1987 482 2057 Quare
511 1985 637 2044 libenter
663 1984 739 2044 huuc
758 2002 844 2044 manu
865 1985 1006 2058 scriptum
1025 1985 1063 2043 ad
1083 1984 1214 2058 reginam
1238 1990 1346 2042 matrem

209 2095 239 2148 ct
259 2089 296 2166 ad
317 2106 413 2162 regern
435 2090 596 2149 Navarrum
617 2091 785 2164 apportato,
806 2091 918 2164 gratius
938 2107 1041 2148 munus
1062 2087 1208 2157 futurum,
1224 2086 1347 2160 'quamsi

206 2195 377 2267 impressum
398 2194 542 2254 dedissem
564 2200 594 2253 et
613 2193 702 2252 multo
723 2193 833 2265 gratius
854 2199 942 2266 atque
964 2193 1148 2250 commodius.

198 2369 200 2372 ¹
287 2299 369 2371 Quod
390 2299 427 2358 ad
447 2315 589 2372 pauperes
610 2297 785 2368 ministroa³,
807 2299 855 2370 qni
872 2303 939 2356 sunt
954 2297 985 2354 in
997 2296 1120 2368 Rhaetia,
1138 2313 1173 2355 ex
1186 2297 1275 2354 ltalia
1294 2312 1348 2368 pro

206 2402 289 2477 fugos
310 2405 425 2476 attinet,
446 2405 543 2476 accepi
564 2403 703 2462 ducentos
724 2401 849 2462 florenos
863 2404 940 2460 inter
954 2401 1019 2460 illos
1036 2401 1264 2461 distribuendos.
1291 2399 1348 2458 Illu·

207 2507 346 2567 strissime
363 2509 510 2581 Princeps,
532 2509 626 2568 Deum
646 2512 754 2576 testor,
776 2525 821 2566 me
841 2508 953 2580 ingenti
974 2506 1078 2566 laetitia
1098 2503 1187 2564 inisse
1209 2504 1349 2578 perfusum

206 2612 235 2670 in
254 2614 361 2672 intimis
373 2613 538 2684 visceribus,
560 2629 660 2672 eorum
680 2611 790 2672 scilicet
810 2611 934 2680 nomine,
956 2610 1005 2683 qui
1025 2607 1195 2667 reficientur
1215 2614 1350 2682 tamquam

208 2717 337 2776 membra
364 2733 433 2776 vera
463 2717 534 2775 lesu
565 2714 682 2774 Christi.
733 2714 810 2770 Nilril
841 2712 954 2771 dubitet
984 2712 1184 2772 illustrissima
1212 2711 1350 2771 celsitudo

208 2803 322 2892 Vestra,
345 2824 413 2896 quin
433 2825 556 2896 pecunia
577 2823 614 2879 sit
636 2838 746 2879 summa
766 2819 823 2878 fide
844 2826 875 2877 et
895 2835 1004 2876 summa
1025 2819 1112 2876 etiam
1132 2818 1248 2889 justitia
1264 2817 1350 2874 distri·

206 2926 329 2986 bnenda.
370 2927 403 2984 Iu
424 2928 519 2986 auimo
539 2926 641 2994 liabeo,
664 2928 779 2985 mittere
801 2942 889 2983 uncum
910 2941 946 2981 ex
966 2925 1052 2991 meis,
1073 2923 1124 2996 qui
1150 2924 1232 2982 novit
1251 2938 1350 2988 omnes,

207 3039 294 3106 atque
316 3033 479 3092 distribuat.
518 3032 668 3090 Laudetur
690 3032 768 3090 Dens
788 3047 841 3104 per
862 3032 962 3090 Jesum
983 3029 1137 3088 Christum.
1168 3027 1351 3086 Laetabunlur

208 3153 277 3195 vero
301 3144 328 3195 et
350 3139 459 3210 gratias
480 3143 568 3210 agent
588 3137 669 3196 Patri
691 3137 819 3208 coelesli,
842 3153 898 3194 non
919 3135 1005 3193 modo
1026 3134 1150 3192 ministri
1169 3134 1240 3207 ipsi,
1262 3147 1351 3190 rerum

209 3243 296 3300 etiam
318 3250 380 3300 tota
399 3243 451 3300 illa
471 3243 551 3314 regio
572 3259 635 3300 cum
657 3243 779 3301 maxima
792 3240 977 3299 Gelaitudinis
987 3240 1099 3297 Vestrae
1110 3238 1198 3296 laude
1214 3244 1241 3296 et
1258 3236 1352 3308 gloria.

289 3346 411 3414 Gurabo,
434 3353 466 3405 nt
486 3354 546 3406 tres
566 3347 766 3404 adolescentes
787 3345 944 3402 eorundem
958 3345 1154 3401 ministrorum
1168 3341 1222 3400 filii
1234 3344 1263 3399 in
1279 3341 1351 3400 scho-

208 3451 264 3510 lam
286 3451 480 3518 addncantur,
512 3456 544 3508 ut
564 3441 669 3508 Vestra
692 3451 753 3508 Deo
775 3449 937 3521 gratissima
958 3449 1141 3519 eleemosyna
1161 3451 1354 3506 sustententur

210 3562 240 3616 et
260 3557 297 3615 ad
319 3556 504 3614 ecclesiarum
526 3555 765 3630 gubernationem
784 3554 973 3612 instituantur
985 3561 1004 3609 ⁸.

289 3661 396 3730 Credo,
424 3676 469 3718 me
497 3647 680 3734 respondisse
708 3659 869 3717 adomnia.
911 3657 1121 3730 Exspectabam
1152 3656 1235 3714 simul
1264 3661 1299 3712 nt
1322 3653 1352 3710 de

138 3777 144 3790 ·
211 3765 270 3824 filio
292 3763 425 3836 generosi
446 3765 556 3821 comitis
578 3763 604 3821 d.
626 3762 697 3820 Jnlii
718 3760 856 3819 eTlriene
870 3759 944 3818 vItali
957 3759 976 3830 ⁴,
998 3777 1033 3816 an
1056 3761 1167 3819 scilicet
1188 3760 1351 3832 dignaretur

211 3870 325 3928 eumin
347 3869 441 3926 aulam
462 3871 605 3942 accipere,
626 3867 677 3926 sed
699 3867 871 3926 crediderim
893 3865 1035 3923 excidisse
1057 3863 1228 3924 memorial.
1259 3863 1350 3933 Quare

209 3975 354 4048 supplico,
385 3981 418 4032 ut
438 3975 474 4032 de
496 3990 530 4033 co
552 3990 665 4046 quoque
687 3971 822 4044 dignetur
847 3969 915 4027 mihi
943 3985 1111 4043 responsum
1138 3971 1208 4028 dare
1232 3975 1265 4026 et
1291 3983 1352 4026 cun·

778 4078 794 4111 ἢ

284 4149 297 4202 l
318 4147 344 4202 S.
365 4166 391 4202 n.
412 4147 470 4202 128.

280 4237 297 4291 2
316 4235 341 4290 S.
361 4254 387 4288 n.
410 4235 468 4288 128.

282 4324 299 4378 3
318 4323 345 4378 S.
363 4341 390 4376 n.
410 4323 468 4376 137.
489 4321 547 4374 142.

282 4409 344 4466 ts,
363 4426 389 4462 n.
410 4407 459 4464 137
478 4405 537 4460 und
555 4407 597 4460 36.
