2862 5080
765 359 826 428 aas
1286 335 1356 412 'uer

300 525 498 584 Illustu‘ssimc
519 525 657 600 Princeps
678 531 708 586 et
728 526 849 584 Domine
870 525 992 584 Domine
1014 523 1261 584 clementissime!

301 630 416 688 'Domini
436 629 566 696 studiosi,
588 633 637 704 qui
660 637 727 690 suut
748 649 785 690 ex
805 630 940 690 Lituauia
954 629 971 702 ¹,
993 635 1168 688 revocantur
1188 629 1218 686 in
1238 629 1358 708 patriam,

223 737 254 792 et
273 739 377 808 parcnt
396 731 552 790 discessum
573 715 651 794 intra
662 736 716 794 XV
731 736 801 794 dies.
833 734 950 792 Habent
969 733 999 791 in
1020 734 1124 807 animo,
1146 733 1272 791 invisere
1292 733 1360 806 prius
1429 809 1430 834 Χ

223 843 391 898 reverenter
403 837 537 896 Vestram
549 839 773 900 illustrissimam
791 839 1007 910 Celsitudinem‚
1023 837 1158 910 adquam
1172 835 1280 894 habent
1294 850 1359 893 sere-

224 941 332 1000 nissimi
353 943 431 1013 regis
448 947 535 1015 atque
554 943 737 1001 illustrissimi
749 941 893 1001 Radvilli‘
912 942 1034 1001 litteras.
1054 941 1183 998 Venient
1192 939 1270 998 haud
1287 939 1361 998 dubie

224 1053 255 1106 et
275 1063 329 1120 ego
351 1063 414 1104 cum
435 1045 502 1118 illis,
524 1047 639 1120 quando
660 1047 740 1106 nulla
753 1047 811 1106 alia
823 1049 893 1106 milri
906 1047 993 1106 detur
1005 1045 1127 1105 facultas
1147 1046 1222 1104 bene
1243 1042 1361 1102 merendi

224 1151 262 1210 de
282 1151 464 1210 nobilissimis
485 1156 514 1210 et
535 1167 638 1226 magna
659 1151 767 1210 virtute
794 1151 925 1224 proditis
950 1149 1198 1220 adolescentibus,
1231 1149 1281 1221 qui
1305 1163 1362 1220 pro

223 1251 300 1312 fecte
322 1252 480 1326 dignissimi
502 1257 583 1322 sunt,
613 1251 662 1324 qui
683 1258 824 1312 eruentur.
865 1251 1010 1310 Praeclare
1038 1269 1069 1311 se
1094 1258 1249 1326 gesserunt
1269 1253 1299 1310 in
1319 1253 1362 1308 bac

223 1358 328 1418 schola.
369 1357 488 1418 Utinam
507 1356 599 1430 mugio
619 1357 727 1429 cogniti
748 1355 884 1416 fuissent!
926 1357 1012 1416 Volui
1034 1357 1259 1433 Illustrissimam
1281 1354 1361 1413 Celsi-

223 1463 354 1522 tudioem
375 1464 509 1521 Vestram
530 1461 686 1522 admouere
717 1463 752 1522 de
783 1464 911 1534 ipsorum
938 1461 1064 1520 adventu
1086 1469 1117 1520 et
1138 1453 1175 1518 de
1196 1461 1321 1518 discessu
1338 1459 1363 1516 in

224 1568 395 1630 Lituaaiam.
437 1567 614 1648 Exspectant
640 1567 804 1640 pecuniam,
836 1583 900 1640 qnae
923 1567 985 1638 jam
1005 1565 1249 1638 Norrombergum
1276 1563 1364 1622 ablata

225 1679 279 1730 est.
319 1672 383 1732 Jaul
404 1672 578 1745 suntmissi,
601 1671 801 1746 quiefferunt.
1219 1731 1223 1733 ,

302 1774 420 1834 Utinam
434 1760 539 1836 Vest're
553 1776 751 1859 Illustrissima
762 1775 911 1835 Celsitudo
933 1775 1111 1850 significaret
1131 1774 1210 1847 mibi,
1231 1791 1286 1848 quo
1299 1781 1362 1832 tem·

166 1925 168 1930 -
223 1896 294 1955 pere
315 1881 391 1938 intra
412 1880 440 1937 X
465 1885 516 1938 aut
542 1881 585 1940 XI
613 1882 675 1942 dies
703 1899 767 1940 eam
795 1899 944 1956 possemus
972 1879 1148 1954 Stutgardiae
1179 1896 1241 1938 curn
1270 1879 1295 1935 d.
1320 1878 1362 1936 Li-

224 1986 319 2044 tuanis
339 1985 473 2056 invisere,
494 2001 530 2043 ne
550 1983 659 2044 frustra
679 1989 864 2044 venissemus.

302 2088 395 2146 Deum
416 2093 523 2160 testor,
546 2104 611 2158 eas,
641 2106 711 2163 quas
732 2091 814 2148 mitto
835 2089 963 2159 litteras,
994 2087 1083 2146 luisse
1104 2104 1158 2162 per
1179 2101 1304 2145 errorem
1322 2102 1362 2142 re·

215 2193 360 2270 signatas,
382 2209 436 2266 per
457 2207 595 2262 errorem,
627 2193 759 2268 inqusm3
791 2194 921 2266 ignoscat
942 2190 1091 2250 celsitudo
1111 2191 1217 2250 Vestra
1235 2190 1361 2248 Illustris-

224 2297 304 2354 sima

301 2400 398 2458 Habui
417 2416 436 2458 u
456 2401 573 2458 cellario
594 2398 689 2457 vinum
710 2404 792 2457 vetus
819 2378 1050 2471 percommodum
1078 2403 1108 2456 et
1135 2404 1271 2471 quantum
1296 2396 1359 2454 mibi

224 2505 294 2563 satis
314 2503 442 2564 futurum
468 2495 521 2564 es't.
562 2504 715 2578 Rependat
735 2503 883 2562 Dominus.
925 2503 1000 2576 Quid
1028 2504 1105 2560 enim
1131 2519 1245 2576 possum
1274 2500 1361 2559 dicere

224 2609 366 2685 emplius?
408 2608 473 2680 Ipse
502 2607 628 2668 coelestis
657 2607 745 2666 Pater
770 2615 877 2678 augeat
905 2607 948 2664 illi
978 2623 1044 2665 suos
1075 2607 1188 2666 divinos
1214 2607 1362 2675 thesauros,

224 2712 357 2790 spiritum
378 2718 408 2790 et
428 2710 514 2768 fidem
535 2727 586 2784 per
607 2709 753 2768 Christum
775 2710 921 2768 dominnm
942 2717 1080 2768 nostrum.

304 2815 387 2874 Datae
408 2814 546 2886 Tubingae
568 2819 584 2872 7
606 2813 784 2883 Novembris,
805 2829 880 2872 anno
900 2812 1065 2872 MDLXllI.

453 2919 565 2978 Vestrae
585 2919 790 2977 Illustrissimae
812 2917 997 2977 Celsitodinis
1017 2921 1142 2979 servitor

1125 3023 1287 3096 Vergerins.

754 3286 840 3346 leba.

520 3415 648 3504 Herzog
672 3401 847 3501 christoph
874 3439 916 3481 an
940 3414 1075 3502 Verger.

690 3546 772 3604 Obnc
794 3545 903 3604 dutum.

295 3672 424 3725 Antwort
442 3669 493 3724 arri
509 3687 535 3722 n.
555 3665 612 3722 190.

329 3769 470 3840 Vergerio
491 3774 545 3824 etc.

303 3871 473 3931 Reverendo
495 3871 587 3938 nobis,
597 3871 702 3928 dilecte
727 3885 761 3928 ee
785 3868 894 3928 fidelis!

302 3977 347 4034 Ex
363 3975 469 4034 litteris
483 3977 540 4032 tuis
554 3973 758 4044 intelleximus
780 3961 924 4040 studiosos
934 3971 1074 4033 Lituonos
1088 3974 1118 4032 iu
1130 3971 1250 4045 patriam
1264 3978 1359 4039 parere

294 4231 307 4284 1
327 4226 354 4280 S.
373 4245 400 4280 n.
422 4227 480 4282 151.
501 4227 559 4279 178.
581 4226 639 4278 191.

294 4315 467 4369 as.n.lb.

293 4401 579 4474 38.u.19ll,o.¹v¹¹
636 4461 760 4486 ..Η
817 4465 872 4485 ¹·
