2852 5076
783 373 919 466 ra¹

760 630 852 718 1111.

778 827 821 884 15.

529 929 718 1016 vegetas
743 929 863 1014 herzog
887 925 1071 1012 Christoph.

574 1042 744 1116 depingen
768 1045 784 1100 6
806 1042 917 1100 dannan·
941 1041 1024 1098 1555.

297 1145 403 1214 Verger
417 1144 554 1200 berichtet
566 1144 633 1201 iiber
652 1146 727 1200 aeine
741 1142 984 1199 zusammenknni'c
1002 1143 1054 1197 mit
1066 1143 1129 1198 dem
1144 1144 1366 1200 venenianisehen

231 1239 388 1310 gesandten
405 1240 543 1296 Antonius
555 1239 641 1302 Mula,
660 1241 718 1294 und
735 1239 821 1294 theilt
839 1237 885 1294 die
904 1237 973 1292 iiber
992 1239 1048 1292 den
1066 1237 1160 1292 kaiser
1178 1239 1243 1292 Car-l
1257 1238 1288 1302 V,
1308 1239 1366 1293 Phi·

226 1335 288 1404 lipp
301 1334 334 1396 ll,
354 1334 512 1391 Ferdinand
526 1337 667 1405 Gonaaga,
688 1335 827 1406 England,
848 1333 952 1388 Tlirkai
972 1353 998 1387 n.
1017 1353 1038 1386 1.
1051 1351 1085 1386 w.
1105 1333 1271 1389 echaltenen
1290 1335 1366 1389 nach·

226 1430 336 1486 richten
356 1429 416 1486 mit.
453 1431 561 1502 Beginn
581 1431 629 1486 der
647 1429 804 1486 slevischen
823 1429 1095 1499 bibeliibersetzung.

298 1525 463 1582 Theilweise
481 1526 628 1598 (Tubingae
648 1525 902 1592 bis-Celsitudiais)
927 1525 1012 1579 achon
1032 1523 1184 1594 gedruckt,
1210 1525 1366 1586 Schnnrrer,

228 1621 379 1678 slavischer
396 1621 590 1678 bdoherdruok
609 1641 629 1676 1.
651 1623 690 1676 15.
1379 1616 1382 1627 “

282 1717 501 1778 'illustrissime
528 1725 558 1778 et
585 1719 831 1780 Excellentissimc
859 1719 996 1791 Princeps
1024 1723 1054 1775 et
1083 1717 1220 1790 Domine,
1252 1717 1365 1776 Domine

229 1823 454 1882 Gratiosissime!

331 1929 394 1999 Ago
425 1925 596 1984 humillimas
627 1927 735 1998 gratias
762 1925 874 1986 Vestrae
904 1925 1093 1998 Gelaitudini,
1125 1927 1201 2000 quod
1231 1925 1364 1985 curaverit

231 2029 268 2088 ad
294 2045 338 2087 me
359 2030 435 2105 mitti
465 2030 577 2090 litteras
607 2030 670 2102 ejus
700 2030 787 2102 legati
815 2029 920 2089 Veneti
934 2030 957 2102 ¹,
993 2029 1077 2104 quem
1108 2029 1215 2090 dudum
1243 2035 1364 2105 expecta-
1422 2024 1424 2110 J

231 2149 336 2194 ueram.
379 2134 481 2194 Statim
501 2136 626 2210 acceptis
651 2133 801 2194 conscendi
828 2148 931 2208 equum
958 2141 989 2194 et
1007 2135 1073 2194 veni
1094 2135 1293 2209 Geppingam,
1322 2134 1364 2193 uti
1422 2115 1423 2121 ἵ

226 2237 305 2298 illum
327 2240 432 2308 inueni,
453 2256 571 2312 sumque
593 2255 655 2300 oum
676 2239 974 2318 11111111111111111Ι
992 2255 1045 2314 per
1064 2257 1114 2300 sex
1134 2241 1236 2310 horas,
1258 2240 1363 2298 namin

226 2350 288 2404 tota
307 2345 393 2404 Italia
413 2361 469 2404 non
491 2345 579 2406 habui
600 2346 826 2419 coniunctiorem
847 2348 977 2406 amioum.
1008 2345 1152 2418 Principio
1166 2346 1266 2418 itaque
1287 2345 1363 2417 cupit

227 2466 272 2507 me
294 2451 370 2508 serio
392 2449 518 2518 hortari,
546 2457 579 2510 at
600 2451 722 2524 abJectis
743 2451 814 2510 meis
834 2451 1016 2524 opinionibus
1036 2448 1198 2508 christianis
1218 2449 1323 2508 vellem
1339 2449 1362 2505 in

226 2551 350 2624 patriam
371 2551 477 2622 redire,
498 2553 746 2628 pollicebaturque
760 2555 796 2612 ad
810 2554 839 2613 id
852 2569 949 2614 omnes
958 2570 1030 2614 suas
1042 2552 1197 2638 facultates
1218 2559 1249 2613 et
1263 2569 1363 2613 omnem

226 2671 305 2712 suam
328 2653 530 2714 autoritatem,
554 2655 618 2729 Ego
639 2662 739 2715 contra
752 2657 825 2731 coepi
838 2656 926 2715 verbo
948 2657 1002 2714 Dei
1024 2673 1136 2732 urgere,
1158 2664 1192 2714 nt
1212 2658 1361 2716 doctrinam

226 2765 352 2819 nostram
367 2761 604 2832 amplecteretnr;
621 2767 758 2836 quantum
769 2759 941 2834 profecerim
953 2761 1059 2830 nescio,
1073 2763 1132 2820 scio
1143 2778 1189 2820 me
1203 2763 1360 2830 seminasse

228 2847 308 2920 Ileus
328 2862 378 2920 111
399 2864 623 2932 incrementum;
653 2871 733 2923 certe
761 2862 900 2922 haetenus
928 2869 1053 2923 nostram
1074 2882 1189 2924 oausam
1209 2883 1267 2926 non
1287 2865 1361 2924 intol-
1421 2879 1422 2882 ’

225 2966 297 3038 ligii,
319 2967 370 3024 sed
391 2967 553 3027 nonhabet
571 2973 670 3027 eontra
689 2985 751 3027 eam
770 2969 861 3028 uelum
876 2985 1013 3027 amarum.
1044 2970 1183 3041 Quaesivit
1203 2987 1221 3028 a
1241 2987 1287 3029 me
1306 2968 1360 3028 dili·

224 3075 327 3144 genter
343 3070 379 3129 de
390 3071 568 3130 eelsitudine
581 3072 685 3130 Vestra
695 3071 914 3147 affirmauitque,
925 3073 1066 3132 Venetam
1078 3074 1283 3148 rempublicam
1292 3075 1358 3133 illan

225 3175 339 3232 maximi
360 3173 469 3246 iacere,
498 3183 528 3234 et
548 3183 662 3251 optasse
684 3177 838 3252 aliquando
860 3195 923 3238 eam
944 3176 1052 3236 habere
1073 3195 1125 3251 pro
1146 3180 1277 3252 generali
1297 3177 1359 3250 capi-

225 3285 325 3352 taneo;
354 3281 499 3354 praecipue
525 3281 672 3355 quaesivit,
700 3299 737 3340 an
764 3283 827 3356 ipsa
847 3281 952 3340 Vestra
973 3281 1120 3342 celsitudo
1145 3300 1250 3343 revera
1269 3283 1361 3342 habeat

225 3385 389 3456 opiniones,
412 3400 481 3457 quos
502 3385 684 3446 Lntlreranas
707 3394 817 3446 vocant.
859 3386 1020 3458 Respondi,
1051 3403 1094 3444 me
1115 3388 1216 3446 mirari
1235 3389 1313 3446 illum
1330 3384 1359 3442 11
1423 3373 1424 3392 ³

171 3535 174 3542 ,
226 3488 278 3546 hoo
299 3487 433 3549 dubitare
454 3495 484 3548 et
512 3495 676 3548 constanter
703 3487 859 3562 affirmavi,
891 3507 991 3548 uerum
1019 3505 1096 3562 esse,
1125 3491 1203 3565 quod
1225 3487 1358 3550 Celsitudo

225 3592 331 3650 Vestra
352 3592 502 3652 exanimo
523 3596 696 3666 susceperit,
725 3600 755 3652 ct
775 3601 944 3667 promoveat
963 3595 993 3652 in
1014 3610 1065 3652 suo
1086 3593 1193 3654 ducatu
1215 3596 1357 3654 doctrinan

225 3696 368 3769 evangelii
386 3696 493 3756 domini
511 3699 601 3756 nostri
616 3697 687 3757 lesu
698 3697 813 3767 Christi,
835 3697 914 3756 illam
932 3699 1056 3771 inquam,
1078 3713 1142 3771 quae
1163 3703 1208 3756 est
1229 3696 1357 3759 contraria
1422 3731 1423 3778 3

223 3803 313 3874 papis,
334 3802 386 3862 sed
406 3801 560 3862 conformis
580 3803 724 3863 voluntati
745 3803 809 3861 Dei.
850 3802 965 3861 Deinde
986 3801 1049 3860 haec
1069 3802 1166 3860 audivi
1186 3803 1222 3862 ab
1245 3820 1286 3862 eo.
1316 3800 1356 3858 111
1422 3783 1423 3810 ’

224 3904 367 3966 Gaesarem
388 3907 572 3966 mediocriter
592 3906 708 3978 habere,
730 3905 806 3978 quod
826 3905 864 3964 ad
875 3905 1079 3976 valetudinem,
1100 3911 1198 3964 tamen
1212 3907 1258 3964 vix
1269 3903 1354 3964 111111

224 4016 414 4070 sustentatum
434 4029 518 4086 posse
538 4027 591 4086 por
617 4010 780 4070 cubiculum
808 4009 948 4068 duntaxat
978 4025 1009 4067 se
1038 4025 1153 4068 movere
1174 4017 1208 4069 11
1224 4008 1353 4068 aminare

224 4131 276 4186 per
297 4115 406 4188 aliquot
426 4133 536 4189 passus,
558 4115 737 4175 convaluisse
759 4120 853 4174 tamen
875 4114 911 4173 ab
932 4131 1011 4172 asmo
1030 4120 1060 4173 et
1074 4114 1231 4187 hydropisi.
1256 4107 1353 4171 Deinde

223 4217 281 4289 ait,
308 4218 388 4278 illum
408 4221 455 4277 vix
481 4225 546 4292 post
574 4218 645 4277 duas
666 4220 840 4290 septimanas
860 4219 955 4278 solere
976 4218 1093 4292 negotia
1112 4217 1214 4277 audire
1234 4213 1353 4286 1113111

789 4341 804 4374 ’lt

294 4433 308 4487 l
328 4431 413 4486 Marc.
435 4432 537 4488 Antan.
557 4432 642 4498 Mula,
661 4450 682 4488 s.
700 4451 727 4486 n.
748 4434 788 4488 12.
