2830 5078
772 411 831 472 198
1297 407 1346 461 tata

229 577 317 635 libros
338 577 467 650 quotidie
490 578 607 664 damnat
628 585 656 636 et
679 595 849 654 quacunque
870 581 983 640 ratione
1004 586 1115 654 potest,
1142 589 1237 650 cavet,
1263 599 1294 639 ne
1311 582 1347 640 ulli

227 682 293 740 libri
317 688 418 740 contra
440 699 519 742 suam
541 684 700 742 doctrinam
722 686 751 742 in
772 685 884 742 Italiam
905 683 1075 743 inferantur.

308 787 424 846 Domini
445 787 548 848 Veneti
570 788 713 848 adornant
734 791 853 848 classem
874 791 1061 856 maritimam,
1083 791 1160 864 quod
1186 797 1229 850 est
1249 791 1349 848 certissi-

227 907 302 948 mum
324 893 445 964 signum,
470 893 546 966 quod
567 896 667 962 sciant,
689 893 809 952 Tarsam
831 911 947 968 magnos
970 901 1126 968 apparatus
1147 893 1250 954 facere.

778 1208 823 1264 75.

513 1307 652 1438 'Herzog
676 1353 852 1438 Chrisloph
879 1377 920 1418 an
945 1353 1077 1439 Verger.

597 1492 759 1565 Nttrtingen
781 1496 797 1549 7
820 1494 900 1551 Mttru
926 1495 1008 1551 1559.

299 1616 429 1672 Antwori
448 1619 499 1672 atri
514 1637 540 1672 n.
561 1621 601 1674 74.

308 1731 533 1806 Christoplmrus
555 1736 608 1794 Ilei
634 1739 730 1809 gratia
751 1740 815 1796 ltux
837 1741 1123 1813 Wirttempergensis
1151 1747 1181 1798 et
1202 1741 1290 1798 'steti
1312 1746 1353 1798 etc.

308 1835 478 1896 Reverentia
500 1845 528 1896 ot
551 1842 631 1899 nobis
653 1843 773 1902 dilecte!

306 1943 475 2015 Accepimus
496 1944 610 2002 litteras
632 1949 704 2014 tuas,
726 1947 754 2001 in
776 1944 878 2016 quibus
900 1945 1038 2018 imprimis
1054 1944 1107 2003 tibi
1129 1945 1273 2018 provideri
1292 1945 1353 2016 cupis

229 2061 343 2118 agrum,
372 2049 417 2105 cui
447 2063 498 2120 pro
520 2046 684 2120 reipublice
706 2050 867 2120 commodo,
896 2066 959 2122 quae
979 2049 1067 2107 habes
1088 2050 1214 2120 semina,
1241 2047 1354 2106 mandare

230 2151 330 2224 possis.
373 2151 541 2208 Caravimus
569 2153 657 2224 igitur
683 2168 734 2222 per
755 2152 806 2209 lias
831 2154 944 2210 litteras
971 2154 1027 2210 tois
1054 2153 1194 2221 inclusas,
1226 2160 1257 2210 ut
1279 2157 1355 2209 certus

229 2253 343 2326 quidam
378 2256 457 2314 locus
492 2255 662 2329 plantationi
697 2257 865 2314 accomodus
895 2257 931 2314 ab
967 2255 1162 2314 ecclesiastico
1197 2263 1291 2315 nostro
1316 2255 1354 2311 ad·

228 2357 423 2418 ministratore
445 2360 497 2417 tibi
526 2361 759 2431 derrronstretur,
791 2362 826 2419 ati
855 2377 938 2434 quern
966 2361 1056 2434 tlictas
1080 2361 1194 2418 litteras
1215 2379 1293 2435 quam
1311 2360 1354 2431 pri-

228 2479 302 2520 rnum
324 2465 440 2522 mittere
462 2467 578 2537 potoris,

306 2568 427 2626 Litterae
448 2587 465 2626 a
485 2568 644 2630 Plhausero
672 2570 753 2628 nobis
781 2573 926 2643 inscriptae
956 2571 992 2628 ad
1015 2587 1066 2628 uos
1089 2575 1200 2628 tautum
1221 2571 1354 2642 pertinent,

230 2673 316 2730 nullae
337 2690 416 2746 uero,
438 2691 501 2747 quae
523 2675 559 2732 att
581 2681 609 2732 te
632 2680 770 2748 spectant,
794 2675 838 2732 his
859 2676 904 2732 vel
926 2676 1073 2746 adjunctae
1095 2675 1141 2731 vel
1161 2676 1279 2732 inclusae
1297 2677 1355 2731 sunt.

306 2777 422 2836 Utinam
444 2795 529 2850 porro
552 2778 628 2850 quod
650 2777 686 2834 de
703 2779 802 2848 regina
817 2777 930 2848 Angliae
951 2777 988 2834 atl
1009 2793 1060 2834 nos
1081 2777 1192 2848 scribis,
1215 2775 1356 2834 sonaliter

228 2897 258 2936 se
280 2879 409 2952 haberet,
431 2899 464 2940 ac
486 2899 545 2953 prae
562 2879 809 2938 ceterisonrnibus
825 2881 924 2951 solam,
946 2896 1030 2952 quarn
1045 2887 1155 2950 vocant,
1178 2884 1355 2952 Augustarum
1402 2915 1403 2918 =

228 2983 454 3054 confessionem,
486 2987 514 3041 in
543 3001 595 3042 suo
620 3000 709 3055 regno
736 2984 891 3056 propagari
913 2986 1042 3042 curaret!
1084 2983 1142 3042 Sed
1167 2982 1355 3055 exspectandus
1404 3061 1405 3064 Ἴ

229 3093 273 3144 est
295 3104 392 3160 nepos.

310 3192 392 3262 Quod
415 3193 450 3250 ad
473 3194 680 3264 typographum
704 3192 845 3262 Augusta
867 3191 895 3248 in
917 3207 1060 3250 carcerom
1082 3194 1244 3264 counjectum
1264 3194 1356 3257 attinet,

229 3295 361 3353 audimus
382 3305 500 3370 propter
521 3313 640 3356 excusos
662 3297 798 3370 quosdam
821 3297 934 3355 libellos
954 3296 1187 3369 anabaptislieos‚
1209 3294 1356 3356 Saltu-enolt-

229 3395 370 3455 ieltlianos
396 3405 482 3470 atquo
514 3399 704 3473 Zwinglianos
732 3416 795 3456 cum
821 3416 873 3457 suo
901 3400 1012 3471 collega
1038 3400 1066 3456 in
1096 3401 1216 3460 vinculis
1243 3397 1355 3460 ‹tr-tinen,

228 3507 359 3558 autorem
381 3519 449 3558 raro
472 3502 560 3560 libelli
584 3503 794 3576 tanabaptistarn
816 3503 984 3576 aaffogisse3
1013 3505 1088 3576 quoti
1116 3503 1154 3561 ad
1183 3522 1235 3562 nos
1257 3506 1354 3576 specta,

229 3605 310 3665 nobis
332 3624 394 3663 cam
419 3623 452 3664 eo
475 3607 630 3679 eruitionem
652 3607 761 3680 riegotii
784 3615 841 3678 est,
868 3617 918 3666 aut
947 3616 1047 3667 contra
1074 3627 1126 3667 noa
1147 3609 1183 3666 ab
1205 3626 1240 3667 ao
1260 3602 1354 3680 aliquod

227 3711 364 3774 delictum
388 3714 543 3784 nesciinus,
574 3721 604 3770 nt
626 3717 781 3774 verisimile
803 3717 887 3787 platta
909 3719 959 3788 sit,
989 3733 1038 3775 eos
1061 3719 1109 3790 qui
1129 3733 1181 3774 suo
1203 3709 1353 3774 nominent

228 3822 257 3872 te
278 3816 430 3887 ejusmodi,
452 3835 516 3890 quae
538 3821 646 3890 scribis,
669 3820 853 3886 detulerunt,
883 3837 941 3878 suae
968 3827 1053 3880 sectae
1083 3837 1197 3893 qnoque
1218 3825 1354 3878 assertores

227 3925 257 3977 ot
277 3920 401 3978 asseclas
422 3939 494 3980 esse.

305 4023 438 4096 Denique
459 4026 631 4083 cardinalem
654 4028 813 4098 Bellaium,
836 4029 871 4086 (le
894 4045 949 4101 ‹puo
971 4034 1117 4100 postremo
1139 4029 1305 4086 intentionem
1321 4019 1352 4078 ia-

225 4127 280 4198 cis,
306 4129 448 4200 homiuem
469 4145 586 4201 prorsus
607 4132 690 4198 ἄθεον,
713 4131 844 4204 impium,
867 4133 1077 4190 inconstantem
1099 4138 1187 4204 atque
1210 4129 1351 4189 mendaeem

225 4234 414 4303 agnoscimus,
437 4250 454 4288 a
475 4252 531 4305 quo
553 4236 656 4292 merito
678 4252 776 4292 omncs
798 4235 864 4294 boni
888 4245 917 4294 et
937 4239 976 4310 pii
999 4237 1053 4295 sibi
1073 4253 1252 4310 summopere
1268 4245 1351 4294 cavere

227 4335 360 4408 debeant,
383 4336 445 4395 haec
465 4339 593 4396 breviter
613 4339 720 4397 litteris
741 4341 798 4398 tuis
820 4341 995 4412 respondere
1017 4341 1171 4412 voluimus;
1189 4343 1258 4400 vale.
1284 4338 1351 4395 Data

225 4439 377 4516 Nartiugae
402 4443 418 4496 7
439 4442 539 4504 Martii
559 4459 634 4503 anno
658 4444 741 4501 1559.
