2830 5072
70 362 120 418 15⁶1
568 367 630 429 287

64 537 87 592 in
103 533 230 594 Helvetios
248 549 330 606 quam
351 535 380 592 in
401 537 482 596 alios.
522 535 625 596 Faciat
646 535 784 602 Dominus
805 536 981 596 voluntatem
1003 549 1097 606 suam,
1128 535 1176 594 oni

66 637 266 712 acquiescendum
288 645 341 698 est.
382 638 412 698 Si
432 641 482 714 qni
502 655 554 715 pro
575 645 658 714 parte
678 641 936 700 illustrissimorum
955 640 1176 713 protestantium

63 748 139 800 essent
155 742 187 800 ad
206 742 274 802 illud
294 743 471 817 colloquium
490 744 570 816 ituri,
592 745 685 803 sentio
706 761 751 803 mo
769 745 902 817 aspiritu
916 743 1032 803 Domini
1046 743 1175 814 excitari,

62 853 86 904 ut
101 847 204 906 scribam
222 847 424 906 illustrissimae
446 849 617 908 celsitudini
635 849 744 908 Vestrae
764 856 943 916 reverenter,
964 865 1009 906 me
1030 863 1087 906 non
1109 863 1175 906 enm

61 965 115 1017 osse,
134 951 175 1025 qni
195 950 320 1010 fortassis
340 953 447 1026 possim
466 955 496 1012 in
518 953 714 1026 disputatione
729 959 817 1026 atque
831 955 860 1012 in
875 952 1018 1025 colloquio
1033 952 1176 1025 sophista·

60 1069 108 1110 rum
123 1055 247 1126 impetum
268 1061 298 1114 et
318 1057 438 1116 astutius
459 1057 612 1126 sustinere,
634 1073 687 1116 nso
707 1057 777 1114 rnihi
798 1063 867 1130 opto
882 1057 960 1116 illam
977 1056 1101 1127 laudem,
1122 1071 1177 1114 neo

58 1164 112 1228 poto
129 1158 319 1220 confidendum
341 1177 404 1220 esso
425 1162 454 1218 in
475 1161 533 1220 illis
554 1161 706 1236 colloquiis
728 1167 759 1220 ct
779 1160 991 1220 certaminibus.
1033 1159 1089 1219 Sed
1110 1177 1175 1234 spe-

58 1277 140 1334 rarem,
159 1265 214 1324 elia
233 1266 346 1324 rationo
366 1281 413 1324 me
434 1283 519 1346 posse
541 1266 646 1326 Christi
668 1265 797 1324 ecclesia
817 1265 955 1339 prodesse
969 1264 987 1334 ¹,
1015 1264 1175 1338 prasertim

55 1367 115 1436 epnd
132 1370 334 1428 serenissimam
354 1372 499 1442 reginum3
521 1386 556 1428 ue
575 1385 633 1428 non
655 1376 700 1429 est
715 1367 842 1439 dubium,
867 1368 935 1442 quin
952 1369 1057 1428 Petrus
1070 1369 1177 1428 Martir

55 1466 124 1528 luerit
143 1480 263 1546 vocatus,
283 1479 316 1532 ut
336 1491 400 1532 cum
420 1491 473 1533 sua
494 1475 646 1546 majestate
667 1479 833 1532 versaretur
852 1473 1176 1548 permoveretque'ejus

55 1575 170 1647 animum,
196 1583 228 1635 ut
255 1578 340 1636 homo
368 1579 498 1652 ejusdem
515 1567 620 1652 'patria
641 1593 742 1650 nempe
763 1577 959 1636 Florentinus.
1002 1577 1098 1649 Quare
1119 1595 1176 1636 uon

53 1677 218 1740 inconsultum
239 1671 326 1755 esset,
347 1690 380 1742 ut
400 1699 454 1759 ego
476 1700 591 1758 quoque
608 1699 722 1756 possem
737 1683 848 1742 versari
868 1689 898 1742 et
916 1683 959 1740 illi
978 1697 1013 1742 sa
1025 1683 1175 1756 instillare,

54 1797 102 1852 qua
120 1784 229 1846 doceret
249 1804 296 1846 me
317 1787 466 1846 Dominus.

112 1888 244 1949 Dominus
256 1891 423 1965 Cognatius,
444 1892 605 1952 Galliarum
616 1894 736 1966 legatus,
759 1892 832 1950 hene
853 1892 996 1952 animatus
1017 1894 1046 1950 in
1058 1891 1177 1953 Vestras

51 1988 236 2053 illustrissimus
251 1995 444 2054 Gclsitndines
459 2005 489 2055 et
500 2003 594 2056 status
609 1997 772 2056 Germania
794 1997 935 2069 discessit,
957 1997 1034 2070 quod
1054 1995 1175 2056 offirmo.

51 2092 272 2176 Utiturhumana
288 2101 410 2175 quedam
424 2103 546 2170 ratione,
567 2118 634 2160 snas
649 2101 766 2173 Gallias,
787 2104 810 2160 si
831 2102 1000 2174 religionem
1021 2109 1176 2162 motatore

50 2198 100 2268 sint,
119 2218 185 2273 opus
205 2206 354 2264 habituras
366 2205 471 2266 Vestra
480 2206 608 2266 amicitia
628 2211 715 2279 atque
736 2206 866 2277 potentia
886 2207 985 2277 magis,
1007 2221 1092 2279 quarn
1106 2205 1176 2264 Hel·

48 2306 175 2367 sotiorum.
216 2308 275 2368 Sed
302 2307 433 2381 prolecto
461 2310 486 2367 si
512 2327 570 2368 nou
597 2309 776 2368 vocabuntur
805 2325 840 2367 ex
860 2309 1036 2370 Lutheranis
1062 2325 1176 2384 quoquc

49 2404 83 2478 (ut
99 2411 186 2486 ajunt)
207 2415 306 2486 aliqui,
327 2413 514 2473 metuendum
536 2414 601 2482 erit,
622 2431 658 2471 nc
681 2413 820 2472 nobilium
841 2411 928 2472 lectio
949 2415 1115 2474 invalescat.

109 2513 281 2576 Commendo
300 2536 345 2577 me
360 2525 529 2578 reverenter
543 2519 656 2578 Vestrae
670 2519 872 2576 Illustrissimas
888 2518 1068 2578 Celsitudini.
1088 2518 1176 2578 Pater

47 2618 151 2678 celestis
175 2629 284 2694 augeat
308 2623 351 2680 illi
381 2640 448 2682 suos
469 2623 581 2682 divinos
600 2623 766 2693 thesauros,
795 2623 927 2694 spiritum
953 2629 983 2682 et
1006 2622 1093 2680 fidem
1121 2639 1175 2695 per

46 2720 170 2785 Christum
191 2729 339 2787 dominum
358 2735 497 2788 nostrum.

107 2831 210 2890 Datum
231 2833 371 2906 Tohingae
391 2835 426 2892 31
449 2834 573 2906 Augusti
596 2833 680 2892 1561.

179 2938 387 2996 illustrissimae
409 2937 595 2998 Celsitudinis
617 2937 729 2996 Vestrae
750 2936 1019 2996 observantissimus

931 3039 1097 3114 vergentes.

570 3279 634 3336 125.

342 3399 466 3488 Verger
490 3423 531 3466 an
554 3397 672 3486 herzog
694 3397 875 3484 christoph.

361 3533 512 3607 Thbingon
532 3533 552 3590 4
572 3531 742 3605 September
764 3532 848 3589 1561.

96 3638 168 3706 Uber
186 3655 267 3708 scine
287 3653 428 3722 herufung
447 3652 519 3707 nach
538 3651 645 3706 Trient.

104 3747 300 3809 illustrissime
321 3751 459 3824 Princeps
480 3758 510 3809 et
531 3747 796 3808 Domiue'Domine
818 3745 1062 3808 clementissime!

103 3854 166 3912 dam
188 3855 322 3928 profecto
344 3872 400 3916 nou
422 3855 582 3928 cogitabam
604 3855 725 3927 amplius
747 3855 782 3912 de
804 3855 900 3927 legato
929 3853 1093 3912 antichristi
1107 3853 1177 3910 Del·

37 3952 147 4032 phino²‚
181 3967 213 4019 et
245 3959 323 4032 quod
349 3959 487 4018 voluisset
513 3973 636 4031 pergere
663 3960 693 4016 in
720 3957 895 4017 tractatione
920 3959 981 4031 jam
1002 3967 1112 4030 coeptu,
1145 3963 1178 4016 ut

594 4059 611 4095 d*

96 4137 107 4190 1
132 4139 186 4194 Die
212 4137 369 4196 Schweiser
395 4142 490 4194 waren
512 4153 569 4193 von
589 4119 715 4208 Vergers¹
735 4138 859 4192 unkunlt
885 4137 978 4209 wenig
1005 4137 1104 4192 orbant
1130 4154 1178 4208 ge·

37 4236 123 4288 wesen,
142 4227 182 4282 sie
201 4227 313 4282 liebtcn
332 4226 381 4280 ihu
394 4225 488 4290 nicht;
508 4227 596 4280 selbst
609 4226 658 4280 der
672 4225 827 4280 niiohterne
839 4226 970 4294 Languet
982 4224 1106 4280 schreibt
1118 4224 1177 4278 ihm

37 4304 77 4360 das
93 4312 185 4368 talant
204 4332 249 4378 zu,
268 4313 338 4369 alles
357 4331 392 4366 au
411 4312 569 4377 verwirren,
589 4330 610 4366 s.
628 4331 655 4366 ιι.
677 4314 734 4367 127.
755 4313 813 4367 129.

94 4401 282 4458 ahetharim
308 4401 417 4457 Dalfino
442 4419 491 4456 aus
511 4400 654 4472 Venedig,
684 4400 796 4456 bischof
806 4417 872 4476 ¹von
897 4399 1004 4458 hesma,
1022 4399 1080 4466 oud
1097 4397 1176 4481 Fano,
