2910 5080
530 355 532 361 ’
629 355 681 420 5⁷⁸

80 530 180 592 litteris
199 531 279 604 misi,
308 531 357 606 qui
377 529 480 588 incidit
501 531 587 590 etium
609 531 637 588 in
658 545 760 590 suanus
779 530 931 604 impiorum
958 535 988 590 et
1007 525 1147 590 beneflcio
1168 527 1222 588 Dei

81 636 164 696 evcsit
184 635 274 694 veluti
301 633 426 710 quodam
446 635 592 694 miraculo.
636 636 698 710 Ego
719 635 890 710 scripseram
910 633 936 694 d.
960 633 1081 696 ducissae
1101 634 1129 694 in
1151 632 1225 694 hano

80 738 270 806 seutentiam:⁸
285 754 331 796 me
352 734 442 798 luisse
461 753 515 812 per
534 738 645 812 aliquot
665 739 841 812 septimanos
862 739 892 796 in
918 737 1023 798 ducatu
1044 739 1165 811 Vestro,
1193 743 1224 798 et

81 858 156 914 quem
175 841 249 902 mire
276 841 455 914 benignitate
482 840 598 900 1111111111
626 841 845 902 uCelsitudine
867 841 972 902 Vestra
991 847 1146 915 exceptus,
1176 857 1222 902 me

82 949 346 1024 interloquendum
366 949 533 1022 cognovisse
555 965 590 1008 ex
612 950 675 1022 ejus
688 946 791 1018 uerbis,
813 963 876 1008 eom
898 963 961 1008 esee
973 947 1080 1022 optime
1092 945 1223 1006 eudemum

82 1063 144 1126 erge·
158 1053 384 1114 illustrissimum
405 1053 433 1114 d.
454 1054 556 1114 ducem
577 1055 641 1126 eine
662 1054 796 1114 meritum
819 1059 848 1112 et
868 1069 938 1126 erge
957 1051 1045 1124 illam,
1067 1059 1097 1112 et
1116 1065 1223 1125 cupere

81 1159 260 1228 occasionem,
281 1175 339 1233 qus
359 1165 458 1232 posset
478 1175 560 1220 suuni
581 1159 750 1219 benevolum
771 1160 898 1220 animum
918 1159 1029 1229 testari,
1051 1161 1082 1216 et
1100 1156 1223 1218 11111111
1316 1137 1319 1144 ’

79 1266 220 1335 utrumqne
250 1267 312 1320 tum
336 1259 439 1322 Vestro
467 1267 527 1322 tum
548 1261 749 1322 illustrissimae
777 1261 890 1322 Vestrae
922 1261 1065 1322 consortis
1093 1262 1221 1333 nomine;

81 1365 175 1426 deinde
194 1365 312 1434 addidi,
340 1365 480 1424 Vestram·
495 1363 712 1438 celsitudinem,
734 1381 820 1440 quum
842 1365 878 1424 de
899 1364 1012 1426 filicbus
1032 1365 1096 1438 eJus
1115 1364 1223 1424 mentio

81 1470 226 1543 incidisset,
259 1469 383 1541 dixisse,
406 1486 436 1528 se
457 1487 536 1530 auem
557 1487 670 1530 omnem
688 1485 806 1546 operum
826 1470 949 1544 benigne
969 1470 1171 1532 collocaturum
1192 1475 1223 1530 et

79 1572 207 1634 lemurum
228 1575 368 1650 quicquid
389 1581 493 1648 posset,
515 1577 538 1634 si
560 1574 746 1648 intelligeret,
768 1574 992 1636 illustrissimum
1013 1575 1221 1650 ejusmuritnm

81 1679 162 1740 adhuc
181 1698 247 1742 esse
270 1683 334 1754 ejus
354 1682 450 1750 enimi,
472 1696 528 1754 quo
548 1679 702 1754 adurendo
723 1678 785 1750 luit,
808 1697 910 1754 nempe
931 1679 1090 1742 collocandi
1110 1680 1140 1738 in
1161 1695 1220 1740 ma·

82 1785 237 1846 trimodiam
271 1801 355 1844 unum
388 1801 423 1844 ex
453 1783 566 1843 tiliebus
596 1783 781 1844 illustrissimi
811 1783 837 1844 d.
861 1783 941 1844 ducis
962 1782 1093 1844 Saronico
1115 1783 1220 1855 primo·

80 1892 176 1975 genito.
216 1889 381 1964 Respondit
400 1889 513 1962 itaque,
541 1906 572 1950 se
600 1890 737 1948 inarimos
757 1890 866 1963 gratius
887 1903 974 1962 egere
996 1886 1221 1948 1111111111Ιεί-Ι

80 1993 164 2052 tudini
183 2000 276 2068 atque
307 1995 508 2054 illustrissime
530 1994 641 2054 Vestrae
663 1995 789 2054 consorti
817 1973 870 2066 pro
899 1999 957 2052 tam
977 2008 1120 2066 propensa
1140 1991 1220 2052 beni·

52 2169 54 2174 ,
80 2099 212 2173 volentia,
244 2106 275 2158 et
295 2115 399 2172 rogere
420 2099 513 2158 Deum
534 2105 646 2173 putrem
668 2097 775 2174 domini
796 2100 888 2158 nostri
908 2097 1096 2170 desucluisti,
1123 2102 1155 2155 ut
1174 2113 1221 2156 re·

76 2205 173 2274 pendet
192 2208 268 2278 ipse,
289 2204 463 2278 quiabnnde
484 2210 640 2282 potestat
660 2220 691 2262 se
712 2205 828 2264 interim
850 2203 1149 2276 momenmentum,
1164 2217 1221 2274 qua

77 2311 158 2380 possit
176 2309 302 2370 vicissim
324 2325 405 2368 suurn
427 2323 497 2382 ergo
516 2320 566 2368 vos
587 2306 711 2366 animum
733 2309 849 2380 testoni,
872 2311 902 2366 et
923 2306 1075 2382 plurimum
1096 2306 1218 2366 salntem

80 2415 186 2495 mittere
210 2414 356 2500 utrique·
379 2413 462 2487 Quod
483 2414 519 2472 ad
542 2413 751 2500 matrimonium
773 2411 890 2484 attinet,
922 2410 1021 2472 laudat
1046 2426 1219 2484 magnopere

80 2517 251 2578 conditiones
276 2517 460 2578 illustrissimi
487 2518 514 2576 d.
544 2517 623 2576 ducis
650 2515 783 2576 Saxoniae
810 2514 877 2590 lilii,
906 2523 936 2576 et
963 2517 1005 2576 ait
1032 2531 1063 2576 se
1089 2516 1219 2590 ejusdem
1279 2555 1284 2564 ·

78 2623 156 2681 enimi
176 2638 250 2696 csse,
274 2638 330 2696 quo
351 2621 417 2683 olim
439 2621 502 2694 luit,
524 2629 554 2682 et
575 2637 683 2696 cupere
703 2623 744 2680 illi
766 2621 854 2681 filiam
875 2621 1025 2682 collucere.
1057 2621 1116 2681 Sed
1136 2627 1217 2682 eate-
1308 2613 1315 2624 ”

79 2743 154 2797 qnam
175 2743 222 2788 res
243 2728 386 2801 inciperet
407 2728 483 2790 serio
505 2726 638 2798 tracturi,
658 2727 747 2786 vellet
768 2727 877 2800 videre,
900 2741 984 2802 quem
1006 2727 1116 2786 exitum
1137 2725 1224 2785 brebi--¹

78 2835 136 2891 lure
156 2838 254 2894 essent
274 2831 352 2892 hello
378 2833 429 2892 ille
449 2833 584 2892 saxonico
598 2833 623 2904 ¹,
651 2833 811 2905 praesertim
833 2833 964 2907 quisnam
985 2835 1014 2891 in
1035 2831 1219 2892 electorctn²

79 2949 252 2996 successurus
273 2941 358 2995 esset.
389 2937 435 2996 Ita
448 2937 486 2996 ud
498 2954 542 2996 mo
561 2936 660 2997 scribit
675 2937 782 3009 italice,
804 2953 868 2996 nam
890 2937 914 2996 si
934 2937 1024 2998 latine
1045 2937 1216 3012 scripsisset,

78 3040 219 3124 misissem·
240 3057 317 3103 nuuc
336 3041 473 3114 ipsiusmet
502 3042 626 3102 litteras.
678 3041 791 3107 Deinde
819 3042 901 3101 addit
926 3041 1088 3117 huiusmodi
1115 3041 1218 3102 verbe:

80 3144 135 3204 »Tu
154 3147 274 3220 Vergeri
297 3148 410 3206 intereo
430 3164 543 3208 oausam
558 3139 600 3206 'ne
622 3148 754 3214 deseras.
787 3148 836 3206 sed
862 3153 929 3205 tene
950 3150 1043 3208 airum
1064 3146 1220 3220 practicam

79 3221 897 3326 decoquentumpotesapndexcellentissimumddncem
905 3248 1218 3324 Vuirtembergensem,

80 3365 128 3410 nee
150 3353 354 3426 pretermittas
375 3345 471 3412 omniu
491 3369 526 3414 ec
546 3351 655 3422 ostiolo,
685 3369 749 3427 quae
777 3356 806 3412 in
834 3353 888 3412 hac
908 3371 941 3414 rc
970 3361 1027 3413 tnae
1056 3354 1223 3428 prudentiae.

80 3452 128 3528 (ita
146 3458 258 3530 scribit)
278 3457 453 3516 videbuntur
474 3460 664 3518 necessaria.»
688 3460 735 3519 Sic
756 3476 803 3519 res
824 3459 920 3519 labet.
961 3458 1104 3518 Fideliter
1123 3457 1218 3518 refero

81 3561 167 3620 omnic
185 3569 272 3636 atque
294 3563 341 3622 hic
361 3562 437 3622 oddo
460 3577 551 3633 stunc,
585 3563 655 3622 duas
685 3563 749 3622 illas
771 3561 915 3622 Femorire
943 3561 1024 3622 ducis
1054 3559 1127 3620 filius
1154 3577 1219 3622 esso

82 3663 196 3722 omnium
225 3682 345 3739 prorsus
376 3665 536 3722 italicarum
571 3638 733 3738 puellarum
769 3665 1019 3738 praestantissimas
1048 3667 1157 3740 pietate
1188 3668 1217 3725 iu

82 3761 173 3841 Deum,
193 3769 338 3842 elegantia
359 3775 389 3828 et
408 3771 577 3844 integritate
599 3779 709 3828 morum
731 3777 761 3826 ct
781 3770 1011 3842 pulchritudine;
1032 3772 1129 3831 dotem
1150 3787 1218 3828 vero

82 3867 231 3947 habituros,
255 3876 369 3948 qualem
392 3875 437 3932 vix
458 3875 534 3934 nllus
555 3891 606 3933 rex
628 3880 809 3946 numeraret,
831 3875 918 3942 etde
939 3874 1090 3934 nobilitate
1110 3877 1217 3934 utrius·

84 3989 132 4044 que
149 3979 281 4052 parentis,
303 3995 391 4052 quum
413 3995 448 4037 ea
467 3980 506 4037 sit
525 3985 587 4039 toto
608 3977 670 4037 orbi
692 3985 769 4051 noto,
791 3980 874 4039 mitto
894 3979 981 4053 loqui,
1006 3978 1080 4038 Mihi
1102 3979 1216 4053 quidem
1301 3965 1304 3971 ’

84 4077 217 4140 videretur
236 4082 300 4160 (sed
321 4084 426 4142 Vestro
448 4083 595 4143 Celsitudo
616 4091 701 4158 agat,
729 4091 761 4142 ut
785 4099 902 4143 summae
924 4086 986 4158 ejus
1007 4083 1157 4157 supientiae
1175 4085 1216 4142 ai-

149 4303 231 4371 11111
252 4317 335 4388 krieg
359 4319 412 4374 mit
439 4304 589 4389 merkgrnf
606 4279 1214 4390 11111111111111Β111111111111113-(111111111111.

123 4451 125 4458 .
147 4401 255 4460 illueh
276 4405 339 4462 dem
359 4405 425 4462 tede
444 4423 498 4462 von
516 4405 617 4471 Morim
637 4424 666 4462 es
684 4425 742 4462 war
760 4407 820 4462 sein
840 4406 943 4462 bruder
963 4406 1080 4477 August.
