2830 5078
751 408 814 469 238
1202 433 1204 436 ·
1289 401 1336 456 ¹5⁶⁰

286 576 483 636 illustrissime
504 577 645 650 Princeps
666 583 696 636 et
716 578 840 636 Domine
861 577 983 635 Domine
1006 575 1251 651 clementissime!

283 681 372 740 Venit
391 681 428 742 ad
448 697 493 740 me
516 683 643 742 medicus
659 684 770 744 Vestrae
791 665 994 742 Illustnissimae
1015 680 1212 750 celsitudinis
1234 679 1337 738 afferens

207 787 244 845 ad
265 802 310 844 mc
331 787 445 846 litteras
466 803 576 846 summa
596 789 751 848 clementia
770 790 871 860 plenas
891 794 978 860 atque
996 786 1117 859 pietate,
1138 785 1218 844 Dens
1233 791 1263 843 et
1275 791 1339 856 pater

206 891 315 950 domini
336 892 426 950 nostri
447 891 518 950 Jesu
534 892 641 952 Christi
662 895 817 966 retribuat,
837 911 901 952 cunr
922 910 967 952 me
989 893 1043 950 hoc
1063 887 1234 948 difficillimo
1254 907 1287 947 ac
1304 906 1338 962 pe-

208 997 413 1057 rieulosissimo
439 1003 570 1069 tempore
600 999 642 1056 ita
671 1015 716 1056 me
747 1000 882 1071 dignatur
908 997 1050 1056 consolari
1077 995 1178 1053 eadem
1209 993 1338 1052 Celsitndo

209 1099 314 1159 Vestra
333 1104 364 1158 et
384 1105 558 1158 sustentare.
599 1100 679 1159 Deus
707 1101 782 1158 enirn
810 1102 874 1171 scit,
905 1117 950 1158 me
972 1101 1121 1158 maximam
1143 1117 1180 1158 es
1200 1099 1304 1156 litteris
1319 1105 1339 1155 el

208 1203 320 1262 medico
340 1204 450 1277 cepisse
471 1205 697 1263 consolationem
719 1212 750 1262 et
769 1206 994 1293 recreationem
1015 1205 1065 1263 ille
1089 1204 1263 1262 sententiam
1284 1203 1340 1260 dixit

209 1315 239 1366 et
267 1323 311 1366 me
341 1307 459 1382 reliquis
486 1308 597 1366 duobus
622 1309 742 1368 medicis
770 1309 989 1368 commendarit.
1030 1307 1110 1366 Deus
1140 1305 1271 1380 profecto
1297 1323 1339 1364 non
1402 1325 1403 1394 p

208 1407 324 1468 deseret
336 1407 541 1468 Celsitudinenr
553 1412 695 1483 Vestram,
718 1427 781 1485 qnae
797 1412 902 1470 talibus
915 1410 1017 1470 officiis
1030 1415 1122 1472 ulitur
1138 1429 1210 1485 erga
1228 1414 1340 1486 peregri·

208 1529 268 1586 nos,
290 1495 359 1586 erga
380 1513 516 1587 profugos
537 1532 590 1588 pro
612 1515 734 1586 Olrristo,
757 1517 881 1588 denique
903 1534 974 1590 erga
994 1523 1198 1590 egrotantem
1229 1534 1283 1576 non
1304 1516 1340 1574 de·

210 1617 266 1674 erit
286 1615 376 1688 Deus,
397 1617 445 1688 qui
465 1617 610 1676 retribuat
632 1635 674 1690 ea,
697 1635 762 1692 quae
782 1619 914 1691 promisit
934 1635 987 1690 per
1007 1618 1097 1680 filium
1118 1639 1210 1680 suum.
1400 1639 1401 1643 ’

285 1718 393 1778 Medici
413 1728 515 1780 curant
536 1738 657 1796 corpus,
689 1739 743 1796 ego
763 1716 866 1781 auimae
893 1739 955 1781 sum
975 1727 1105 1784 intentus
1125 1731 1156 1782 et
1177 1743 1241 1798 quae
1260 1741 1340 1798 spero,
1402 1723 1403 1776 l

210 1843 255 1886 me
283 1827 407 1884 crastina
432 1825 479 1884 die
506 1833 683 1898 sumpturum
715 1843 824 1886 coenam
847 1827 960 1885 Domini
988 1845 1051 1886 cum
1079 1829 1107 1887 d.
1134 1829 1296 1888 Bcurliuo¹
1321 1837 1342 1884 et
1400 1888 1401 1894 ,

210 1931 309 2004 paucis
330 1929 500 2004 quibusdam
521 1928 657 1988 iratribus
677 1931 707 1988 in
727 1931 804 1989 lecto
822 1947 886 1989 meo
900 1933 1018 2004 scilicet,
1039 1935 1115 1993 unde
1128 1933 1188 2006 fiet,
1210 1935 1283 2008 quod
1296 1951 1341 1992 oon

207 2043 309 2110 potero
315 2035 446 2096 Vestram
454 2035 661 2096 Delsitudinem
672 2039 805 2110 invisere,
818 2039 840 2096 si
849 2039 904 2122 hnc
912 2040 1032 2110 venerit,
1041 2046 1073 2098 ut
1081 2039 1189 2098 scribit.
1203 2039 1341 2106 Patientia,

206 2143 257 2203 fiat
277 2143 409 2203 voluntas
424 2143 549 2214 Domini,
571 2145 761 2218 nequeenim
782 2161 896 2218 possum
917 2161 962 2203 me
984 2147 1059 2205 lecto
1077 2144 1234 2204 dimovere.
1264 2146 1341 2202 Ante·

208 2265 293 2323 qnam
314 2248 351 2306 ad
372 2265 483 2308 coenam
504 2249 620 2307 Domini
638 2250 790 2322 accedam,
813 2250 932 2308 liberior
951 2251 1028 2308 volui
1049 2267 1094 2310 me
1115 2251 1257 2309 extricare
1276 2249 1340 2321 cogi·

205 2353 363 2412 rationibus
382 2355 515 2423 terrenis,
538 2371 627 2427 quare
650 2355 727 2414 volni
742 2353 940 2413 brevissimum
956 2360 1159 2414 testamentum
1172 2353 1340 2414 conscribere

205 2457 243 2516 ad
264 2456 439 2517 dirimendas
459 2458 669 2530 contentiones,
690 2476 754 2532 quae
775 2466 895 2532 possent
910 2460 990 2532 oriri,
1012 2467 1043 2520 et
1059 2461 1126 2534 quia
1140 2461 1168 2518 in
1184 2478 1250 2519 mea
1260 2461 1341 2532 patria

206 2561 321 2634 legetur
341 2567 371 2620 et
391 2560 461 2620 uelit
481 2561 555 2620 nolit
580 2562 765 2635 magistratus
784 2568 904 2636 cogetur
925 2564 997 2622 illud
1017 2564 1045 2622 in
1067 2571 1131 2622 acta
1153 2572 1183 2624 et
1203 2565 1342 2639 registmn

206 2664 335 2737 referre,
367 2666 444 2724 volui
464 2665 492 2723 in
515 2682 550 2724 eo
571 2681 662 2738 panca
682 2666 777 2725 obiter
804 2668 912 2726 addere
941 2669 976 2726 de
1005 2685 1068 2726 mea
1094 2669 1290 2742 confessione,
1316 2676 1343 2726 ut

207 2773 293 2831 etiam
314 2772 433 2830 mortuis
454 2778 483 2830 et
503 2773 667 2843 posteritati
688 2773 842 2844 praedicem
856 2773 1016 2832 sanatione
1030 2773 1115 2832 fidem
1128 2776 1156 2832 in
1169 2775 1308 2834 Christum
1318 2780 1342 2832 et

207 2878 328 2951 gloriam
339 2877 409 2950 eJus.
431 2877 517 2935 Mitto
528 2877 564 2935 ad
573 2876 705 2936 Vestram
714 2877 920 2938 celsitudinem
933 2879 996 2952 ejus
1006 2880 1174 2939 testamenti
1185 2879 1341 2954 exemplum.

209 2983 293 3056 quale
314 2983 424 3041 scilicet
444 2982 541 3041 nullus
561 2982 700 3042 Italorum
729 2984 872 3054 condidit,
898 2991 931 3044 ut
954 2992 1034 3058 puto.
1075 2987 1227 3044 Postremo
1248 2986 1341 3044 Vestra

207 3088 355 3147 celsitudo
372 3089 472 3147 scribit
484 3089 520 3146 de
533 3087 709 3162 Scalichio';
732 3107 788 3148 non
800 3107 915 3163 possum
935 3109 992 3151 non
1013 3091 1141 3163 laudare,
1163 3089 1299 3166 quidquid
1315 3089 1339 3145 in

207 3209 242 3251 eu
262 3209 348 3252 causa
368 3189 471 3252 iecerit
492 3193 593 3252 eadem
614 3194 763 3254 Celsitudo
784 3197 891 3256 Vestra
911 3213 945 3256 ea
965 3199 994 3255 in
1015 3213 1063 3269 re;
1096 3213 1150 3270 ego
1172 3213 1229 3270 qno
1250 3195 1286 3254 ad
1303 3209 1339 3250 ne

205 3297 330 3367 attinet,
361 3296 477 3357 Christo
499 3304 529 3356 et
551 3298 720 3358 Celsitudini
743 3301 854 3360 Veslrae
875 3302 1006 3360 condono
1026 3303 1210 3374 gravissimas
1230 3299 1339 3374 injurias

205 3403 274 3460 mihi
294 3401 330 3460 ab
351 3399 401 3460 illo
422 3401 535 3476 illatas,
557 3421 623 3462 nam
643 3412 794 3481 postquam
815 3408 910 3481 incepi
931 3415 1089 3480 egrotare,
1112 3407 1231 3466 missum
1252 3412 1293 3464 est
1309 3402 1338 3460 ud

204 3522 251 3565 me
272 3521 308 3564 ex
328 3505 524 3580 Heidelberga
544 3510 707 3583 exemplum
728 3510 829 3570 lanrosi
850 3511 942 3571 libelli
962 3513 992 3570 in
1012 3511 1126 3586 publico
1147 3511 1184 3570 ab
1201 3511 1252 3570 illo
1265 3507 1340 3578 affixi,

204 3612 235 3668 in
255 3628 311 3684 quo
332 3627 388 3670 non
410 3611 494 3669 modo
516 3629 570 3685 ego
590 3616 759 3686 proscindor
780 3622 810 3673 et
829 3616 949 3687 laceror,
971 3617 1019 3689 qui
1034 3633 1094 3674 sum
1111 3623 1208 3674 tamen
1221 3615 1341 3687 indignus

205 3713 316 3772 Vestrae
338 3714 522 3774 celsitudinis
543 3717 731 3788 consiliarius,
762 3719 814 3778 sed
835 3719 892 3776 duo
913 3718 963 3776 alii
984 3718 1084 3788 simul,
1116 3721 1165 3792 qui
1187 3725 1280 3777 tamen
1300 3717 1339 3772 la·

205 3819 332 3878 buerunt
351 3836 499 3879 recursum
517 3822 553 3879 ad
570 3823 791 3882 illustrissimum
811 3825 976 3894 electorem,
997 3824 1073 3882 unde
1092 3823 1185 3882 bonus
1200 3821 1340 3881 Scalicbius

207 3925 306 3995 euasit,
328 3925 460 3994 dicendo,
481 3943 512 3984 se
533 3927 680 3999 pertinere
701 3927 738 3985 ad
759 3927 971 3986 serenissimum
991 3927 1138 3986 Bohemiee
1157 3943 1252 4000 regem
1270 3932 1295 3982 et
1313 3937 1339 3978 sc

205 4029 368 4088 constitisse
389 4027 603 4100 Heidelbergae,
625 4035 658 4085 ut
674 4030 758 4100 jussu
778 4044 837 4087 suae
858 4031 948 4103 regiae
975 4031 1156 4090 celsitudinis
1184 4047 1214 4090 se
1240 4032 1266 4088 in
1285 4029 1336 4085 An·

202 4133 289 4206 sliam
309 4130 448 4204 conferet,
470 4138 499 4192 et
521 4138 616 4192 tamen
637 4132 704 4192 inde
725 4131 854 4206 profugit
874 4141 905 4194 et
918 4135 1079 4209 Tubingam
1099 4139 1194 4209 venit3
1215 4133 1262 4194 sed
1279 4145 1335 4200 ego,

770 4263 784 4296 ’l‘

276 4367 287 4420 1
309 4365 374 4436 vgl.
394 4383 420 4419 n.
439 4365 482 4418 49.

274 4452 373 4520 uugi.
393 4470 419 4506 u.
438 4453 480 4505 94.
