2852 5076
26 418 86 474 1555
558 420 597 482 81

24 597 147 650 nontam
169 591 227 651 cito
248 591 445 651 discessuram.
475 589 532 648 Sed
552 590 686 650 voluntas
707 590 822 650 Domini
843 587 908 649 liat!
933 589 1086 650 resarciam
1106 589 1153 648 lit-

23 696 93 750 teris.
132 693 376 752 Praetermiseram
396 690 522 750 scribere
543 692 665 766 aliquid,
696 691 773 766 quod
791 709 808 750 a
828 693 924 768 legato
945 693 1081 754 Veneto¹
1103 712 1154 754 au·

24 797 126 868 dieram,
139 803 170 855 ut
185 813 281 856 coram
296 795 450 869 reserrem3
473 803 517 856 eet
532 803 628 855 autam
641 796 821 868 hujusmodi:
842 799 901 870 Ait,
913 796 1154 857 Atrabutcnsem'

26 901 113 958 ardere
138 903 250 974 ingenti
272 901 338 961 odio
359 902 496 961 adversus
518 901 687 974 religionem
708 909 852 972 nostram,
879 909 967 977 atque
995 904 1082 962 etiam
1103 903 1153 962 ad·

28 1021 108 1063 renus
126 1006 287 1079 principes,
320 1007 368 1080 qui
397 1022 460 1064 eum
482 1011 686 1080 suscoperunt,
715 1005 831 1066 solitum
851 1014 947 1066 autern
969 1006 1056 1067 luisse
1078 1024 1153 1082 saepo

31 1125 113 1181 urgere
132 1117 160 1168 et
181 1111 296 1170 dicere:
339 1109 397 1170 Gur
417 1127 468 1170 vos
489 1109 594 1170 Veneti
615 1127 670 1169 non
693 1111 763 1170 estis
783 1111 983 1184 diligentiores
1002 1111 1032 1170 in
1053 1113 1155 1171 exstir-

28 1215 112 1285 pandis
129 1213 326 1274 Lutberanis?
347 1232 399 1275 cur
420 1231 476 1274 uon
498 1212 641 1274 exuritis?
661 1231 699 1274 an
719 1213 807 1274 uultis
827 1217 904 1288 pati,
926 1222 957 1274 ut
978 1225 1154 1290 excrescant,

27 1319 87 1376 sicut
103 1319 129 1376 in
149 1317 319 1391 Genuania,
347 1319 425 1377 unde
446 1321 493 1377 vix
515 1335 639 1392 unquam
665 1323 802 1390 poterunt
829 1320 951 1392 amplius
978 1320 1154 1394 exstirpari?

27 1422 55 1479 de
72 1423 240 1498 principibus
260 1441 329 1501 uero
350 1425 466 1483 solitum
487 1421 568 1482 illum
592 1421 680 1482 luisse
709 1423 823 1496 dicere,
851 1439 902 1482 eos
928 1423 1078 1498 reliquisse
1106 1443 1154 1484 ve·

28 1530 102 1585 terem
120 1528 289 1601 religionem
311 1533 339 1586 et
361 1535 511 1602 papatum,
548 1533 578 1586 et
599 1545 700 1587 novam
721 1529 894 1600 suscepisse,
923 1535 1035 1588 tautum
1056 1535 1088 1588 ut
1108 1547 1155 1590 oe·

29 1639 145 1701 cupareut
165 1632 241 1690 bona
258 1631 453 1706 ecclesiarum,
475 1631 577 1706 quibus
588 1631 760 1691 bombardos
775 1632 959 1706 conficerent,
980 1633 1057 1694 bella
1070 1634 1155 1694 ador·

28 1742 109 1794 narem
133 1752 293 1813 pacemque
321 1735 472 1795 turbarent
503 1739 534 1792 et
559 1732 685 1808 quietem
718 1733 849 1794 Gaesaris.
891 1735 930 1794 Et
961 1743 1057 1810 certe,
1085 1737 1154 1796 lllu·

32 1839 147 1898 strissime
174 1841 333 1914 Princeps,
364 1839 388 1898 is
418 1839 533 1912 legatus
555 1841 616 1913 jann
645 1838 799 1899 imbiberat
826 1839 900 1898 banc
926 1841 1091 1914 opinionem
1118 1841 1154 1901 ab

29 1943 198 2005 brabatense
228 1950 262 2005 et
292 1945 378 2018 plane
407 1943 590 2014 crediderat,
619 1961 682 2004 esse
705 1961 801 2002 veram
825 1952 913 2017 atque
940 1929 972 2004 ut
991 1962 1087 2004 veram
1110 1962 1155 2004 re·

31 2047 169 2109 nuntiasset
189 2047 324 2108 venetiis
343 2049 373 2106 in
393 2054 496 2107 senatu
517 2047 724 2116 ducentorum,
745 2047 794 2106 ubi
815 2048 975 2122 legationes
995 2050 1090 2109 solent
1108 2066 1155 2109 re·

34 2153 146 2226 nuntiari,
167 2171 223 2214 nou
245 2152 310 2214 eine
330 2150 428 2226 aliqua
441 2157 511 2210 nota
524 2149 672 2223 religionis
688 2157 792 2209 nostrae
808 2151 993 2212 sanctissimae
1004 2161 1034 2213 et
1043 2153 1155 2228 piorum

30 2255 163 2330 principum
185 2257 366 2330 Germaniae3
397 2256 454 2314 huc
475 2257 550 2315 enim
571 2255 712 2329 spectarit
732 2255 948 2327 Atrabatensis,
977 2275 1064 2332 quum
1084 2259 1155 2318 tolia

32 2355 153 2428 ingereret
177 2361 207 2420 in
235 2359 355 2419 auribus
383 2359 486 2432 legati,
518 2374 620 2430 nempe
648 2363 681 2416 ut
708 2359 872 2431 impelleret
896 2361 932 2420 ad
961 2362 1154 2422 renuntianda

32 2459 126 2522 bacin
151 2465 271 2524 auribus
293 2465 479 2525 Venetorum.
520 2464 627 2524 Verum
647 2463 727 2522 Deus
748 2463 829 2524 dedit
855 2467 924 2526 mibi
951 2467 1091 2542 gratiam,
1122 2474 1155 2527 ut

33 2571 149 2634 uicerim
175 2569 328 2632 mendacia
359 2569 485 2642 diluere,
515 2576 545 2628 et
575 2575 655 2628 certo
685 2572 743 2630 scio
770 2587 815 2628 me
843 2569 960 2630 diluisse
986 2579 1017 2630 et
1042 2577 1156 2631 contra-

34 2667 87 2730 rium
112 2677 304 2748 persuasisse,
335 2676 393 2734 imo
424 2681 456 2733 ut
483 2681 585 2746 portae
613 2675 727 2746 legatus
754 2676 822 2732 mibi
849 2675 972 2735 dixerit:
1020 2675 1154 2738 Proiecto

36 2773 113 2850 tineo,
136 2797 170 2838 ne
191 2783 282 2841 etiam
302 2783 332 2840 in
353 2782 417 2840 aliis
438 2798 483 2841 me
503 2781 652 2855 deceperit
672 2782 720 2840 ille
742 2783 906 2854 episcopus,
934 2781 1049 2854 quaudo
1069 2781 1154 2840 uideo

36 2897 66 2939 ne
82 2885 106 2942 iu
124 2886 182 2957 hoc,
204 2887 285 2962 quod
304 2887 378 2946 tanti
398 2887 534 2960 ponderis
551 2894 605 2960 est,
627 2885 715 2946 fuisse
731 2888 767 2947 ab
782 2903 817 2945 eo
833 2887 995 2958 deceptum.
1024 2886 1057 2944 ln
1077 2879 1153 2944 sum·

35 2999 67 3042 na
83 2991 165 3050 orarit
184 3009 240 3064 me,
262 2995 296 3050 ut
315 2991 472 3052 scriberem
493 2992 530 3052 ad
550 3009 616 3052 eum
636 2993 792 3066 aliquando
813 2999 843 3052 ct
863 2993 1021 3065 praecipue,
1043 2997 1075 3050 ut
1095 3008 1154 3050 mo·

37 3103 128 3165 nerem,
156 3095 180 3152 si
202 3095 275 3168 qnid
295 3095 365 3154 mihi
385 3093 531 3154 videbitur
552 3113 702 3169 occurere,
723 3098 753 3154 iu
773 3113 829 3170 quo
849 3099 904 3170 ipsi
925 3096 1032 3156 domini
1052 3097 1156 3156 Veneti

36 3196 121 3259 possint
130 3198 329 3258 illustrissimis
339 3197 516 3272 principibus
528 3198 690 3257 Germanias
705 3215 812 3258 morem
823 3216 934 3272 gerere,
950 3201 1017 3273 quia
1029 3200 1155 3259 libenter

38 3291 154 3373 facerent3
182 3303 240 3363 imo
268 3303 400 3377 promisit
429 3303 514 3376 mibi,
545 3304 623 3376 quod
643 3303 806 3378 respublica
826 3305 875 3362 illa
895 3307 933 3363 sit
952 3321 998 3363 me
1019 3303 1153 3364 habitura

38 3410 150 3475 lerpetuo
169 3425 219 3481 pro
241 3407 322 3467 fideli
343 3415 373 3469 ct
393 3425 461 3469 caro
481 3409 613 3483 subdito,
640 3411 726 3469 etiam
748 3411 771 3468 si
792 3425 837 3468 me
858 3427 933 3484 papa
953 3409 1020 3468 odio
1040 3409 1155 3469 babeat.

96 3509 172 3572 Mitto
193 3515 363 3574 memoriale
384 3515 422 3575 ad
443 3514 471 3576 d.
491 3515 622 3576 Berum⁸
641 3515 671 3574 in
691 3531 779 3576 causa
799 3513 920 3574 duorum
940 3515 1154 3576 adolescentum

573 3614 588 3646 *

42 3669 143 3748 licien,
161 3687 222 3756 geu.
242 3689 325 3754 mae,
346 3688 399 3745 serr
420 3689 489 3744 1532
507 3691 590 3761 (resp.
612 3665 691 3758 isia)
709 3689 825 3760 carroffi
844 3693 860 3757 r
881 3691 911 3744 11
932 3689 999 3744 uum
1018 3689 1086 3744 saco
1109 3687 1155 3743 eei

43 3755 141 3837 linoges
157 3773 197 3828 als
215 3792 245 3831 er
263 3777 318 3832 den
331 3777 512 3848 Hugenotten
530 3777 583 3832 mit
598 3778 690 3834 ciuem
702 3777 769 3832 heer
781 3796 814 3830 zu
827 3777 903 3832 holte
916 3793 975 3848 rog,
993 3795 1014 3830 s.
1027 3775 1067 3831 br.
1075 3794 1103 3829 n.
1113 3776 1156 3830 72.

29 3845 124 3944 31101203
140 3861 285 3936 Obrisioph
303 3867 389 3922 stand
409 3866 519 3923 damals
537 3867 568 3922 in
585 3866 729 3922 lebhaiben
748 3864 1012 3934 uuie'rhaudlungen
1031 3861 1084 3917 mit
1101 3862 1155 3918 den

30 3945 221 4012 'sumgeliuhen
248 3951 355 4008 flirsben
383 3956 441 4010 und
461 3954 621 4010 Perdinand
647 3972 700 4008 ron
721 3941 848 4008 Ostreich
869 3969 966 4024 wagan
994 3953 1043 4006 des
1065 3951 1155 4019 Auga-

43 4017 119 4170 blrgdar
134 4035 292 4110 raichsbags,
312 4041 363 4096 auf
376 4042 510 4098 walchem
524 4043 574 4099 der
586 4042 729 4098 bekannbe
741 4038 964 4112 religionsfriede
977 4037 1155 4108 geschlosscn

45 4125 87 4168 rur
102 4135 122 4173 a.

97 4208 308 4270 lbmmm

96 4289 484 4366 immmamnm

97 4381 159 4437 3Dr
170 4386 271 4458 Caspar
281 4388 358 4455 Beer,
376 4391 453 4447 einer
471 4408 525 4447 von
545 4391 601 4450 den
620 4389 827 4444 vertrautesten
845 4385 945 4444 rathen
964 4387 1066 4457 herzog
1077 4379 1154 4441 uhriss

48 4458 125 4531 bris
141 4474 157 4537 r
174 4473 246 4530 usse.

87 4565 163 4622 Verger
931 4563 948 4616 θ
