2862 5080
1291 308 1342 364 leot

223 490 253 550 in
274 486 346 548 meis
366 486 434 564 (hoo
455 485 511 562 est)
539 502 603 560 queo
629 485 667 543 od
689 483 859 558 religionem
885 484 1050 557 pertinent,
1073 482 1206 556 negotiis,
1235 485 1344 556 qnermd·
1408 557 1409 582 χ

223 594 338 654 modum
359 609 454 652 eorem
477 592 577 652 dicem.
613 589 788 650 Commendo
810 606 854 648 nre
876 594 1046 649 reverenter
1066 587 1345 648 Illustrissimaedelsi·
1408 585 1409 638 l

224 699 318 758 tudini
347 699 468 756 Vestrae.
510 695 568 754 Oro
589 699 729 754 eternum
750 693 882 765 Patrem,
911 699 942 752 ut
968 693 1011 752 illi
1038 697 1145 765 augeat
1172 709 1238 752 suos
1259 693 1346 752 diuinos

225 802 386 870 thesauros,
407 801 538 874 spiritum
560 806 590 857 et
611 797 696 858 fidem
716 814 770 872 per
791 797 935 857 Christum
957 798 1103 856 domiuum
1124 802 1259 856 nostrum.

301 906 440 978 Tubiugae
459 903 518 963 XII
539 901 719 975 Septembris
743 901 827 960 1562.

453 1007 658 1066 illustrissimae
679 1003 869 1064 Geloitudinis
889 1003 1002 1062 Vestrae
1024 1005 1150 1066 servitor

1130 1109 1289 1182 verrerint.

1409 1283 1410 1332 r

768 1370 831 1424 roo.

536 1501 657 1587 Verger
682 1523 723 1566 au
746 1500 863 1586 herzog
886 1498 1070 1584 Christoph.

550 1631 698 1705 Tubingeu
719 1633 756 1690 27
778 1630 949 1706 September
971 1631 1055 1687 1562.

299 1750 399 1822 Frugi,
425 1751 460 1804 ob
478 1751 524 1806 ein
544 1751 611 1821 grai
625 1750 734 1814 Nostin,
764 1751 813 1804 der
831 1750 861 1804 iu
880 1749 1029 1818 Tbbiugeu
1050 1749 1180 1815 studione,
1200 1752 1253 1806 den
1271 1752 1351 1817 herzog

231 1847 309 1902 nieht
327 1847 400 1902 nuob
418 1847 570 1902 Frsnkfurt
590 1847 729 1918 begleiteu
750 1847 838 1901 diirl‘e.

305 1945 501 2004 illustrissime
523 1945 661 2018 Princeps
682 1950 711 2002 et
733 1945 854 2004 Domine
878 1945 999 2004 Domine
1021 1944 1264 2004 clementissime!
1411 1958 1412 2016 l

304 2050 515 2109 illustrissimus
535 2052 669 2124 princeps
691 2049 750 2108 dux
771 2050 896 2109 Prussiae
925 2050 1060 2122 dignutus
1089 2057 1134 2109 est
1160 2049 1230 2108 mibi
1253 2065 1300 2121 per
1316 2047 1351 2104 lit-

226 2162 305 2215 teras
326 2155 527 2214 commendere
548 2155 620 2214 duos
645 2153 787 2228 magnifici
809 2154 837 2216 d.
859 2155 993 2228 caeparia
1015 2155 1135 2215 Nosticii
1149 2154 1167 2224 ¹,
1190 2154 1251 2226 ejus
1270 2151 1350 2224 preci·
1409 2217 1410 2220 Ἴ

226 2259 275 2334 pui
297 2260 461 2331 consiliarii,
489 2258 581 2328 lilios,
614 2278 685 2334 quos
706 2261 862 2334 aliquando
883 2263 988 2320 Vestra
1008 2261 1206 2321 illustrissime
1227 2256 1353 2326 Celsitudo

226 2365 307 2423 vidit.
361 2365 455 2436 Quare
484 2371 543 2424 turn
572 2372 689 2438 propter
719 2367 793 2425 tenti
824 2367 963 2440 principis
990 2365 1281 2431 commendationem,
1308 2366 1352 2419 tun

226 2468 312 2528 etiem
335 2471 402 2543 quin
422 2469 622 2529 adolescentes
643 2477 710 2529 sunt
731 2487 833 2530 renero
853 2472 1058 2531 benevolentis
1078 2471 1157 2546 digni
1178 2476 1264 2544 etque
1284 2467 1353 2525 etiam
1411 2477 1412 2482 ’

225 2577 343 2647 bonore,
365 2591 419 2648 ego
440 2593 457 2633 a
476 2577 587 2649 majore
609 2581 686 2649 netu,
710 2577 757 2634 oui
777 2593 881 2636 nomen
903 2582 947 2636 est
968 2576 1112 2650 despero,
1135 2580 1262 2649 rogatus,
1281 2571 1355 2629 fretus

227 2679 415 2738 Celsitudinis
427 2680 539 2739 Vestrae
556 2681 710 2740 clementie
732 2679 783 2740 has
802 2681 917 2740 litteras
937 2680 1041 2740 soribo.
1073 2680 1127 2739 Ille
1148 2681 1237 2752 igitur
1256 2679 1355 2750 cuperet

226 2783 254 2840 in
277 2782 414 2870 comitutu
430 2783 632 2843 Illustrissimae
649 2784 958 2845 CelsitudinisVestrae
975 2783 1216 2844 Frnrrofordinru‘
1229 2781 1354 2846 advenire,
1412 2801 1413 2804 ¹

226 2904 319 2961 spero,
340 2889 369 2946 in
391 2888 526 2947 mediocri
549 2905 632 2962 equo,
653 2895 741 2963 utque
762 2891 847 2949 etiem
870 2889 1057 2949 mediocriter
1072 2887 1355 2952 vestibusinstmetus‚

226 2996 420 3066 prreterqusm
441 2993 518 3066 quod
539 2994 606 3052 milri
631 2994 828 3054 videturesse
850 3011 917 3052 rere
949 2995 1038 3053 nobili
1069 3000 1204 3067 espeotu;
1234 3009 1295 3052 uum
1318 2988 1355 3062 qui
1411 2987 1413 3046 l

226 3104 293 3157 sunt
313 3097 403 3169 tales,
431 3097 526 3157 solent
547 3115 609 3158 esse
630 3101 839 3159 honoratiores.
883 3100 970 3174 Cupit
993 3116 1061 3158 vero
1085 3101 1159 3158 seire
1181 3099 1211 3156 in
1232 3105 1353 3170 tempore,

226 3219 292 3259 rrum
321 3201 517 3262 illustrissime
535 3201 683 3260 Gelsitudo
696 3201 802 3261 Vestra
822 3204 860 3260 sit
879 3201 960 3260 illum
981 3203 1010 3260 in
1032 3219 1114 3262 suum
1137 3202 1296 3262 oomitetum
1315 3195 1355 3256 ud·

227 3306 363 3374 missum,
392 3294 437 3366 vol
465 3322 539 3376 nou,
571 3311 604 3363 ut
630 3305 722 3378 possit
742 3323 773 3364 se
794 3306 911 3365 interim
931 3322 1045 3380 perere.
1086 3305 1180 3366 Mittit
1200 3304 1356 3379 peculiarem

227 3407 380 3481 tumulum,
411 3411 459 3482 qui
488 3427 656 3484 responsum
685 3416 831 3484 reportet,
863 3428 952 3485 seque
974 3411 1148 3470 Celsitudini
1170 3411 1278 3470 Vestro
1302 3407 1357 3466 illu·

226 3513 373 3572 strissimee
394 3516 532 3588 mojorem
552 3518 581 3573 in
602 3515 717 3574 modum
739 3516 920 3575 commendat
940 3522 1027 3590 atque
1050 3533 1104 3590 ego
1126 3532 1184 3575 unu
1205 3533 1265 3576 oum
1283 3513 1335 3572 illo.
1411 3497 1413 3586 p

306 3617 444 3692 Tubingae
466 3619 575 3678 XXVII
598 3620 777 3693 Septembris
800 3623 885 3680 1562.
1412 3601 1413 3604 Ἴ

454 3725 659 3785 illustrissime
681 3725 868 3786 Celsitudiuis
890 3727 1001 3785 Vestrae
1023 3728 1149 3785 servitor

448 3822 455 3832 ’
1040 3899 1043 3907 Α
1128 3829 1288 3904 Vergerius.

299 3930 510 4002 lligenhtndige
530 3931 682 3986 resolution
701 3932 749 3986 des
767 3933 897 4002 herzogs;

296 4017 384 4074 Franz
403 4018 476 4072 Kurz
494 4017 547 4072 soll
565 4017 655 4073 Wolff
670 4035 725 4072 von
743 4017 887 4074 Heideokh
909 4016 1029 4087 frugeu‚'
1048 4020 1084 4074 ob
1105 4037 1135 4074 er
1155 4019 1231 4076 disen
1250 4018 1353 4074 kbeuue.

227 4103 288 4160 well
307 4105 402 4170 alters,
421 4105 493 4160 euoh
511 4105 698 4162 berkhomeus
717 4124 747 4162 or
765 4123 837 4176 seye.

794 4205 808 4237 t«

297 4277 506 4438 ὲὲοξῗοξῗὲἐ
532 4383 590 4422 wer
614 4383 669 4422 ron
694 4368 757 4422 dem
778 4367 870 4424 kaiser
889 4365 1050 4424 Ferdiueud
1074 4387 1137 4424 uum
1161 4365 1352 4431 mrnnunng
