2852 5076
778 383 818 442 70
1304 376 1358 432 1551

225 551 376 612 Strcaaio¹
396 554 570 612 mentionem
590 551 676 624 fecit,
697 567 762 612 narn
784 551 901 610 aliunde
922 551 1033 624 audiri,
1061 566 1128 610 erum
1148 549 1236 612 fnisse
1258 557 1358 624 captum

225 674 282 716 uua
302 673 366 716 cum
386 657 491 715 comite
511 657 685 716 Mirandulce
716 661 747 714 et
780 657 886 714 comite
919 655 1079 728 Petilian03
1110 658 1239 729 suspicor
1267 662 1359 726 auten,

225 775 290 834 enm
312 761 366 819 sibi
387 761 511 819 uoluisse
533 767 653 818 mortem
675 761 867 826 consciscere,
891 766 920 818 et
940 759 1102 833 Philippum
1124 764 1235 834 patrem
1257 759 1360 831 imitari,

224 867 273 938 qui
296 881 383 937 quum
405 880 483 922 arma
509 881 562 937 pro
591 863 743 922 liberanda
763 863 934 922 Florentino
960 867 1055 937 patria
1082 865 1249 937 sumpsisset
1277 881 1360 938 neque

223 967 266 1027 illi
288 969 487 1040 successisset,
521 969 589 1040 quin
610 967 673 1027 fuso
695 970 758 1041 ejus
779 968 959 1028 exercituin
983 969 1106 1026 hostium
1127 974 1300 1040 potestatem
1324 969 1360 1027 de·

224 1074 369 1143 venisset,
401 1073 501 1130 mortis
529 1071 660 1130 timorem
689 1078 781 1130 ruorte
809 1070 919 1144 fugavit
949 1072 994 1148 (ut
1020 1073 1135 1146 quidam
1156 1080 1243 1146 pocla
1264 1059 1360 1148 iuquit)

224 1191 255 1234 se
276 1175 351 1233 enim
372 1175 462 1246 ipsum
481 1174 634 1247 jugulavit.
677 1173 735 1234 Sed
755 1175 864 1234 utinam
898 1191 960 1234 mea
989 1177 1192 1248 interpretatio
1219 1175 1292 1237 falsa
1320 1177 1360 1236 sit!

224 1277 416 1338 Celebrantur
435 1295 510 1336 nuuc
530 1280 646 1336 comitia
665 1281 695 1336 iu
715 1279 866 1346 Helvetia,
898 1285 995 1338 metuo
1024 1280 1105 1338 enim'
1126 1281 1271 1338 discordia
1297 1284 1360 1339 inter

192 1397 196 1404 ·
224 1385 301 1455 ipsos
322 1387 468 1453 centones,
490 1389 577 1455 atquc
598 1383 672 1440 adeo
693 1388 812 1456 propter
832 1383 980 1456 religionis
1008 1400 1130 1442 causam.
1171 1385 1245 1442 Nam
1267 1385 1360 1444 Lorar-

226 1485 353 1546 ucnses⁸
369 1488 429 1558 jam
450 1501 506 1544 non
528 1491 647 1558 possunt
667 1485 789 1558 amplius
810 1485 927 1559 papales
951 1486 1084 1546 tenebras
1106 1485 1199 1558 ferre,
1230 1496 1261 1546 et
1280 1491 1360 1546 niten-

138 1592 141 1598 '
185 1577 187 1582 ⁸
226 1591 303 1649 tihue
323 1590 382 1648 illis
403 1590 440 1648 ad
460 1591 552 1648 lucem
583 1589 724 1660 evangelii
746 1606 912 1662 errumpere
934 1592 1073 1650 resistunt
1095 1598 1232 1664 quantum
1254 1599 1360 1665 possunt

225 1696 347 1754 maxime
369 1693 479 1766 aliquot
499 1698 644 1752 centones.
685 1692 821 1750 Scribuut
842 1701 936 1752 tamen
958 1695 995 1752 ad
1021 1711 1065 1752 rue
1093 1695 1161 1754 boui
1190 1697 1262 1768 viri,
1292 1713 1359 1768 spen

228 1815 299 1869 esse,
321 1804 354 1856 ut
374 1799 402 1856 hi
423 1798 535 1868 cedant,
558 1803 587 1855 et
601 1797 726 1854 Locarni
741 1797 862 1854 liberum
885 1815 998 1856 cursum
1019 1806 1126 1858 nostrae
1149 1800 1286 1860 doctrinae
1305 1817 1359 1871 per·

225 1905 350 1973 mittant,
372 1903 449 1976 quod
469 1901 539 1965 faxit
551 1903 698 1960 Dominus.
731 1901 885 1960 Comenses
906 1903 1057 1975 nuperime
1078 1903 1287 1964 interfecerunt
1307 1921 1360 1962 eru-

226 2006 371 2066 delissime
410 2006 594 2064 Franciscum
626 2004 766 2065 (iambum
797 2006 1003 2064 Brixiensem⁴
1040 2013 1159 2080 propter
1194 2007 1361 2080 evangeliun
1416 2005 1421 2070 l

227 2117 257 2168 et
278 2115 396 2183 propter
417 2109 577 2179 Christum3
605 2109 765 2168 eduxerunt
786 2127 801 2168 e
823 2126 938 2168 carcerc
960 2111 1058 2184 lingua
1079 2112 1159 2170 claro
1181 2111 1305 2182 confixa,
1333 2127 1360 2169 nc

223 2221 321 2288 posset
342 2217 429 2287 loqui,
452 2231 516 2271 mcx
537 2214 668 2272 adductis
689 2214 780 2272 tribus
794 2215 929 2287 plaustris
945 2215 1070 2285 lapidum
1086 2215 1130 2272 his
1141 2217 1265 2288 primum
1279 2217 1358 2274 inter·
1417 2244 1418 2252 1

223 2319 323 2390 fectus,
346 2319 451 2376 deinde
473 2317 645 2389 combustus
668 2319 718 2375 sed
740 2324 820 2376 tanta
841 2313 1002 2378 constantia
1023 2327 1052 2378 at
1073 2320 1238 2392 hilaritate,
1268 2327 1296 2378 nt
1318 2321 1358 2377 de·

92 2415 96 2420 ’
224 2423 345 2482 siderari
367 2407 438 2480 nihil
458 2425 548 2494 possit
568 2423 696 2495 amplius.
735 2421 908 2481 Benedictus
932 2423 1063 2481 domiuus
1084 2425 1162 2483 Deus
1185 2430 1296 2493 noster,
1318 2425 1358 2497 qui

223 2527 298 2586 tales
318 2526 434 2598 spiritus
463 2534 492 2584 ct
514 2527 586 2584 tales
607 2531 748 2598 rrrcrtyres
769 2527 821 2584 hac
842 2533 928 2585 cet-ute
950 2527 1076 2598 profert!
1118 2527 1181 2586 Hoc
1202 2530 1359 2600 martyrium
1418 2575 1419 2596 p

223 2647 280 2690 nou
301 2629 533 2702 praetereundum
554 2631 609 2687 crit
626 2631 740 2688 silentio
755 2631 782 2687 in
795 2627 918 2688 historia
933 2631 959 2688 d.
973 2631 1110 2698 Sieidani,
1132 2633 1199 2704 quin
1219 2632 1358 2690 adornabit

184 2761 186 2765 ¹
224 2751 286 2795 eam
308 2736 387 2792 velut
408 2750 520 2808 gemma
540 2733 756 2806 pretiosissima.
794 2735 838 2790 De
860 2713 916 2806 qua
937 2734 1052 2806 quidem
1074 2752 1149 2792 nnrrc
1170 2737 1207 2793 ad
1230 2737 1256 2793 d.
1278 2737 1358 2794 Bren-

224 2840 294 2898 tium
315 2853 372 2897 nou
392 2855 483 2909 pauca
504 2836 611 2914 scrih03
641 2843 725 2894 autor
746 2839 895 2896 constituit
922 2839 1052 2910 proxima
1080 2838 1173 2897 hlome
1195 2841 1284 2911 praelo
1304 2855 1357 2897 earn
1419 2907 1422 2930 Ν

791 2974 806 3005 e

295 3037 311 3088 2
331 3035 412 3090 Peter
432 3036 542 3098 Strozzi,
563 3035 638 3089 Sohn
654 3029 711 3088 ‘von
731 3035 845 3106 Philipp
858 3035 971 3099 Strczni,
990 3038 1114 3106 tcpferer
1133 3037 1233 3102 soldat,
1253 3039 1298 3092 de'r
1316 3055 1358 3088 un·-
1421 3101 1422 3112 ἶ

126 3132 129 3136 ’
224 3119 416 3176 versdhnliche
436 3119 514 3174 feind
534 3122 582 3175 des
606 3123 705 3176 hauses
725 3123 840 3187 Medici,
869 3123 930 3192 geb.
951 3126 1032 3189 raud,
1060 3125 1216 3191 ranconi
1237 3126 1360 3182 1558161

228 3207 404 3271 Telonnum
443 3225 472 3262 cr
499 3209 721 3264 nomannorum
751 3211 819 3266 1554
850 3211 891 3264 ars
925 3211 1123 3266 irenaeusne·
1149 3197 1297 3267 marsum
1322 3211 1359 3263 cn
1421 3241 1422 3248 .

227 3293 409 3348 frauzdsieche
427 3311 521 3348 armee
540 3295 569 3348 in
588 3295 698 3350 Italian.
737 3295 787 3350 Bai
806 3298 968 3367 Luchnano
986 3297 1079 3354 warde
1104 3315 1134 3351 er
1160 3298 1176 3350 2
1195 3299 1300 3370 August
1318 3313 1357 3364 ge-

224 3380 366 3450 66116861,
387 3381 453 3436 aber
473 3381 551 3436 nicht
570 3385 720 3454 geiungen,
741 3401 792 3454 cog
811 3385 869 3438 sich
889 3385 959 3439 nach
973 3385 1056 3439 Sioua
1074 3385 1131 3437 und
1146 3402 1201 3439 von
1218 3386 1279 3440 dort
1296 3382 1358 3437 nach

224 3466 397 3524 Montalcino
416 3469 526 3522 zuriich.
564 3468 647 3524 Siena
674 3473 776 3523 nrrrsete
803 3470 861 3523 sich
888 3469 919 3524 21
941 3470 1021 3538 April
1042 3471 1108 3524 1555
1135 3487 1171 3523 an
1197 3471 1242 3526 die
1266 3470 1357 3524 kaiser·

223 3553 315 3608 lichen
338 3555 465 3624 argebeu.
502 3556 527 3608 S.
548 3557 581 3609 H.
600 3557 705 3610 Murlin
734 3557 750 3610 1.
771 3575 794 3611 c,
815 3556 896 3619 VIII,
921 3557 973 3610 438
993 3557 1033 3620 ff.;
1063 3575 1082 3610 s.
1109 3557 1180 3612 cuch
1206 3560 1247 3611 br.
1267 3557 1302 3610 16,
1320 3555 1355 3606 26.

224 3641 270 3702 27;
300 3640 359 3694 scin
378 3643 458 3695 vater
476 3641 589 3711 Philipp
610 3661 667 3698 war
685 3661 738 3698 von
760 3642 868 3698 Cosimc
888 3660 942 3698 von
961 3643 1064 3698 Medici
1090 3644 1233 3713 gefangen
1257 3641 1355 3697 worden

224 3728 282 3780 und
300 3727 438 3782 entleibta
456 3727 514 3782 sich
535 3729 629 3792 seihet,
650 3749 695 3784 um
716 3729 791 3784 diese
810 3729 1040 3784 echmach‘nicht
1059 3747 1092 3782 cu
1109 3729 1269 3786 iiberleben.

295 3814 311 3866 3
330 3813 381 3868 Die
400 3817 491 3868 ersten
511 3815 633 3886 adiunge
653 3818 700 3870 des
724 3816 967 3886 protestantismus
995 3817 1024 3870 in
1045 3815 1173 3872 Lokarno
1201 3819 1307 3874 reichen
1329 3813 1355 3866 in

225 3897 269 3951 die
284 3897 366 3966 jahre
387 3900 452 3954 1541
473 3901 567 3956 111142
586 3904 701 3966 curent,
726 3903 793 3957 aber
811 3903 922 3973 hitufige
942 3901 1145 3972 verfclguugen
1165 3903 1355 3960 unterhracheu

223 3983 277 4038 den
297 3983 494 4052 gedeihlichen
520 3989 668 4060 fortgang;
696 4009 715 4044 s.
736 3991 846 4060 Meyer,
875 3991 919 4044 die
946 3990 1142 4059 evaugelische
1169 3991 1307 4061 gemaiude
1327 3986 1352 4038 in

223 4069 361 4136 Lokarnc,
382 4073 436 4130 bes.
457 4075 476 4138 I,
498 4077 548 4130 162
566 4076 594 4130 ff.

292 4159 309 4210 4
327 4159 416 4213 Franz
435 4160 551 4226 Gamba,
572 4164 637 4233 gab.
657 4163 686 4218 in
706 4165 756 4219 der
774 4165 848 4220 nithe
866 4182 921 4220 von
937 4165 1055 4230 BraecIa,
1075 4182 1135 4219 war
1154 4159 1352 4221 1111611161(-

222 4242 293 4299 rcise
317 4262 373 4300 uon
391 4246 467 4302 Geni
488 4247 517 4302 in
543 4249 734 4306 Grauhiinden
758 4251 914 4322 gefaugen,
945 4251 1019 4308 nach
1038 4252 1121 4307 como
1146 4250 1280 4323 gebracht
1302 4243 1351 4300 und

224 4330 288 4386 dort
306 4332 337 4385 21
357 4332 416 4388 Juli
435 4336 503 4390 1554
526 4336 661 4406 lebendig
686 4337 840 4393 verbrannt
866 4339 992 4403 nondam
1018 4355 1039 4392 s.
1058 4339 1108 4394 dae
1126 4339 1230 4395 nahem
1248 4333 1350 4392 camber

224 4417 258 4472 de
276 4418 361 4474 Porta
379 4419 398 4474 l.
417 4438 440 4474 c.
460 4421 494 4486 II,
514 4421 566 4476 258
585 4422 613 4476 ff.
