2830 5078
596 611 643 668 92.

347 740 471 826 Verger
494 762 535 804 an
559 740 677 826 herzog
701 738 885 823 Christoph.

416 871 566 943 'loningen
590 874 626 930 10
645 871 707 930 Mai
731 849 814 929 1560.

110 989 227 1046 Schiekt
245 991 296 1046 das
313 989 627 1062 glaubcnsbekeuntnill
646 979 700 1046 des¹
714 991 813 1061 graleu
832 989 922 1044 Julius
939 1005 994 1044 von
1007 987 1113 1044 'l'hiene
1131 989 1190 1044 und

56 1089 173 1142 erueuert
190 1087 237 1144 die
256 1087 331 1142 bitte
349 1105 397 1142 um
414 1087 607 1158 verwendung
627 1087 672 1142 lllr
690 1087 786 1143 seinen
804 1085 895 1142 nellen
915 1084 1052 1140 Aurelius.

117 1192 318 1254 illustrissime
339 1195 478 1270 Princeps
499 1203 529 1254 et
551 1197 672 1256 Domine
693 1198 817 1256 Domine
839 1195 1087 1256 Clementissimc!

119 1299 230 1370 Accepi
249 1306 419 1358 reverenter
429 1301 542 1359 Vestrae
558 1301 762 1360 Illustrisaimae
778 1299 964 1360 Celsitudinis
984 1299 1107 1371 litteras,
1128 1317 1192 1373 quae

50 1401 98 1460 duo
119 1405 216 1476 capita
238 1403 439 1477 continebant,
461 1405 585 1463 alterum
606 1413 670 1464 erat
692 1405 728 1464 de
749 1405 846 1478 legato
867 1403 971 1476 gallico
985 1403 1010 1476 ¹,
1037 1419 1122 1476 quem
1141 1404 1192 1463 illa

50 1515 125 1576 putat
146 1508 299 1576 simulare²
328 1510 404 1583 quod
425 1517 531 1569 nostres
552 1511 687 1584 religioni
707 1512 781 1569 bene
803 1510 888 1577 velit,
916 1509 1040 1567 alterum
1068 1509 1103 1567 de
1125 1525 1191 1566 con-

50 1608 168 1668 sessione
189 1609 272 1683 fidei,
301 1627 386 1684 qnam
406 1612 434 1670 d.
455 1629 551 1672 comes
572 1612 665 1671 Julius
686 1629 703 1670 a
724 1611 857 1670 Thieue'
876 1612 1080 1671 illustrissime
1102 1612 1190 1672 Celsi·

49 1714 134 1771 tudini
156 1715 269 1774 Vestrae
290 1715 427 1775 exhibuit.
470 1717 552 1788 Quod
584 1717 621 1774 ad
647 1717 785 1790 primum,
813 1715 883 1774 nihil
912 1717 1053 1789 estquod
1073 1734 1191 1792 respon-

50 1819 142 1891 deam3
175 1821 267 1892 cedo,
298 1829 528 1893 commeassem,
557 1821 686 1880 homines
714 1838 777 1880 esse
797 1827 857 1879 tam
876 1821 981 1892 malos;
1013 1838 1055 1878 vae
1074 1821 1136 1893 illi,
1168 1823 1192 1880 si

48 1924 159 1983 simulat
184 1925 214 1981 iu
241 1943 273 1983 re
301 1931 396 1997 tenta,
425 1924 519 1983 adhuc
539 1925 604 1984 volo
625 1941 743 1998 sperare
764 1925 873 1998 aliquid
895 1925 970 1983 boni.
1011 1925 1077 1997 Ipsa
1096 1933 1194 1985 autem

49 2027 103 2086 dies
126 2026 510 2099 veritatem-manifestabit,
535 2013 579 2086 'an
599 2045 703 2087 revera
722 2029 777 2087 iste
798 2028 922 2088 simulet.
964 2029 1046 2100 Quod
1067 2030 1104 2088 ad
1124 2047 1192 2090 cou-

45 2130 197 2190 lessionem
217 2133 331 2204 attinet,
353 2133 435 2192 mitto
456 2134 631 2206 exemplum
653 2133 767 2192 dixerat
786 2139 855 2192 tune
871 2133 977 2192 Vestra
994 2134 1192 2194 Illustrissimu

46 2236 217 2308 Dominatio‚
240 2253 303 2295 eam
323 2253 379 2295 non
400 2236 455 2294 sibi
467 2236 637 2308 displicere·
658 2236 855 2313 (considerata
875 2236 1014 2310 qualitate
1035 2237 1191 2314 personne).

45 2340 94 2399 Est
129 2342 204 2398 enim
233 2339 351 2399 indocti.
370 2339 491 2398 hominis
519 2337 679 2407 confessio,
711 2338 763 2396 sed
790 2338 914 2398 discerni
942 2348 1055 2413 potest,
1088 2359 1192 2402 eume

45 2444 148 2502 Vestra
168 2443 348 2503 confessione
370 2461 425 2503 non
447 2443 613 2502 abhorrere.
655 2443 737 2501 Hanc
763 2449 842 2502 certe
863 2445 946 2522 mulli
967 2446 1066 2504 exules
1086 2447 1192 2520 partim

45 2549 118 2620 itali,
138 2550 245 2622 partim
266 2549 352 2621 Galli,
374 2549 423 2621 qui
444 2548 493 2606 diu
514 2547 641 2608 oenevae
659 2548 863 2616 substiterunt,
885 2526 1010 2608 libenter
1029 2552 1194 2624 acciperent

22 2660 129 2726 ,atque
149 2654 219 2711 inde
240 2653 355 2712 abirent
376 2653 422 2730 (ut
442 2653 527 2712 audio
550 2671 585 2712 ex
605 2654 710 2712 litteris
732 2654 759 2711 d.
781 2653 913 2729 comitis).
944 2655 1030 2713 Esset
1047 2656 1190 2729 agendum

45 2774 107 2816 cum
125 2759 186 2816 illis
206 2759 400 2831 peculiariter,
420 2757 494 2817 facie
509 2757 669 2830 adfaciem,
692 2766 721 2817 et
736 2775 835 2817 eorum
850 2759 1022 2818 sententiam
1038 2759 1192 2832 diligenter

45 2864 205 2937 exquirere.
252 2863 321 2936 Quis
341 2864 409 2935 scit,
436 2863 460 2919 si
480 2863 619 2922 Dominus
640 2877 692 2933 per
712 2865 765 2920 hoc
784 2861 910 2921 medium
930 2862 999 2920 velit
1019 2863 1101 2920 nobis
1121 2879 1187 2922 cou-

46 2969 149 3027 cedere
169 2969 250 3026 illum
265 2968 446 3026 concordiam
459 2968 490 3024 iu
505 2967 642 3038 ecclesiis,
661 2983 745 3039 quani
760 2973 900 3041 optamus.
932 2967 1074 3040 Dignetnr
1084 2969 1189 3050 Vestra

45 3070 194 3131 Celsitudo
215 3072 343 3145 cogitare
365 3075 395 3130 et
417 3087 510 3143 orare,
532 3087 596 3128 cum
616 3070 654 3127 sit
674 3071 821 3143 negocium
843 3069 957 3131 Christi.

124 3178 224 3250 Nuper
247 3177 276 3244 ip
305 3177 435 3235 Thermis
463 3173 561 3234 ferinis
582 3175 740 3246 supplicavi
765 3174 873 3247 aliquid
901 3191 954 3248 pro
981 3193 1038 3234 nno
1066 3193 1103 3235 ex
1122 3177 1194 3236 meis

44 3281 195 3356 nepotibus
205 3284 227 3349 l,
249 3287 280 3339 et
299 3281 405 3350 Vestra
426 3280 623 3339 illustrissima
643 3278 793 3338 Gelsitudo
814 3279 934 3352 dignata
955 3287 1014 3352 est,
1043 3281 1113 3340 mihi
1134 3281 1192 3340 cle·

45 3393 157 3445 menter
177 3386 368 3458 respondere,
401 3390 432 3442 ut
452 3384 550 3442 darem
572 3382 626 3440 sibi
647 3399 683 3440 en
703 3383 739 3440 de
760 3384 993 3452 nomomensis,
1021 3385 1097 3457 quod
1118 3401 1195 3442 nune

44 3491 162 3550 taudem
181 3492 273 3552 mitto.
315 3489 432 3550 Utinam
462 3507 497 3548 ea
523 3489 615 3562 primo
637 3505 750 3562 quoque
771 3493 903 3562 tempore
924 3488 961 3547 ad
982 3487 1195 3548 serenissimum

46 3594 308 3669 Bohemiae·1·egem
321 3595 332 3627 ⁸
351 3595 447 3654 mittat
467 3599 554 3668 atque
574 3593 737 3652 intercedat
752 3593 850 3667 aliqua
865 3591 1025 3652 efficaciore
1041 3593 1195 3652 verborum

45 3697 147 3770 forma,
167 3718 202 3758 ne
222 3687 416 3773 negendam
438 3699 555 3772 petitur.
588 3698 671 3770 Quod
686 3715 739 3772 per
753 3697 898 3757 Christum
909 3713 988 3769 rogo.
1020 3696 1195 3755 Commendo

46 3819 93 3860 me
116 3813 281 3864 reverenter
301 3805 413 3864 Vestrae
432 3804 637 3862 Illustrissimae
660 3803 848 3871 celsitudini,
879 3803 958 3861 Deus
984 3801 1027 3858 illi
1047 3799 1123 3859 adsit
1143 3815 1195 3858 suo

46 3908 159 3978 spiritu.
198 3911 259 3981 Ego
281 3909 358 3968 dorni
378 3909 504 3967 libenter
525 3925 644 3968 mouens
664 3911 767 3968 saltem
788 3905 921 3978 precibus
943 3905 979 3963 do
1001 3921 1132 3976 operam,
1163 3910 1195 3960 ut

612 4037 626 4070 ‘lt

126 4141 137 4193 l
154 4141 291 4206 Marinae,
313 4139 366 4194 mit
382 4139 449 4195 dem
469 4140 575 4210 Verger
592 4139 622 4192 in
643 4138 788 4210 Lauingen
806 4135 1106 4206 zusammengetrolfen
1126 4151 1192 4188 war.

47 4226 74 4277 S.
98 4225 139 4278 br.
155 4245 178 4282 u.
197 4231 230 4283 79
248 4227 307 4281 und
325 4227 368 4282 80.

128 4312 142 4364 2
157 4314 183 4368 S.
198 4315 239 4368 br.
258 4333 285 4368 n.
305 4315 346 4368 36.

128 4397 347 4458 idme
