2830 5072
771 379 831 438 302

228 543 393 616 spanischen
414 544 568 613 gesandten
588 544 615 596 in
631 543 828 598 Grarrbitndem
855 541 1049 598 Nachrichten
1063 545 1132 598 iiber
1145 547 1195 601 das
1208 547 1351 616 colloquium

227 642 256 710 in
276 641 379 710 Poissy.

297 735 350 790 tlit
368 736 444 790 einer
463 735 590 805 beilage,
619 737 664 790 die
690 737 878 804 forderungen
903 736 952 790 des
976 735 1144 804 spanisohen
1171 723 1316 807 gesandien
1332 737 1352 790 iu
1405 719 1406 732 ἵ

228 831 417 886 iirnubdnden
437 831 614 886 cathaliend.
717 817 721 822 ¹

306 967 502 1024 Illustrissime
523 967 663 1040 Princeps
685 972 714 1023 et
736 965 858 1023 Domine
879 967 1002 1024 Domine
1024 965 1268 1024 clementissime!
1404 945 1406 1032 J

306 1072 413 1144 Accepi
434 1071 496 1129 lteri
512 1071 625 1128 Vestras
645 1071 848 1128 illustrissimae
867 1069 1053 1128 Celsitudinls
1074 1070 1187 1129 litteras
1207 1073 1287 1129 simul
1305 1088 1353 1128 cum

226 1175 381 1234 honorario
413 1191 530 1235 munere
564 1175 600 1233 ad
633 1174 736 1232 balnea
767 1182 880 1233 centum
917 1174 1092 1233 florenorum
1111 1175 1128 1232 ¹.
1171 1175 1284 1233 Gratias
1313 1191 1354 1245 ago
1404 1151 1406 1196 ⁴

227 1279 410 1338 immortales.
451 1279 627 1338 Benedictus
644 1279 732 1349 Deus,
754 1278 802 1352 qui
823 1295 879 1338 non
902 1280 1011 1338 deserit
1032 1295 1111 1350 suos3
1134 1297 1199 1337 eum
1222 1280 1286 1338 milri
1305 1295 1354 1337 tou·

227 1383 321 1442 slitoti
342 1384 399 1440 sint
418 1383 536 1442 ducenti
563 1381 665 1440 florcni
685 1400 738 1456 pro
766 1399 861 1442 annua
880 1385 1028 1455 pensione,
1050 1400 1106 1442 non
1127 1399 1243 1456 possem
1263 1400 1302 1440 me
1319 1399 1353 1440 re·
1405 1451 1406 1456 η

227 1503 296 1546 vera
309 1493 482 1559 sustentare,
504 1489 557 1545 nisi
570 1487 774 1546 Illustrissimae
786 1475 973 1546 celsitudinis
985 1485 1098 1546 Vestra
1111 1489 1208 1559 pictas
1223 1487 1355 1560 aliquando
1404 1479 1406 1536 l

228 1599 411 1650 succurreret
421 1601 441 1649 ⁵.
482 1592 635 1664 Rependat
655 1592 697 1649 illi
719 1592 866 1650 Dorniuus.
1073 1668 1075 1674 Ι
1404 1537 1406 1664 i

308 1695 434 1766 Legatus
454 1695 532 1769 regis
551 1695 678 1769 Philippi
699 1702 763 1754 erat
784 1703 923 1753 venturus
943 1696 980 1754 ad
1001 1693 1143 1754 Rhesos*
1163 1703 1283 1769 propter
1300 1696 1355 1752 duas
1405 1671 1406 1710 ³

229 1816 338 1858 causas.
381 1801 483 1858 Altera
503 1808 579 1870 erat,
602 1809 634 1858 ut
654 1801 794 1859 avelleret
815 1799 932 1859 Rhaetos
952 1802 1029 1874 ipsos
1051 1801 1087 1858 ab
1108 1801 1239 1858 amicitia
1258 1807 1285 1857 et
1303 1814 1355 1870 peu·
1405 1787 1406 1838 ἶ

228 1903 357 1962 sionibus
378 1904 496 1964 Gallicis
516 1911 546 1962 et
573 1905 609 1962 ad
638 1921 669 1962 se
697 1904 846 1975 traheret,
878 1911 910 1962 nt
936 1904 979 1962 illi
1006 1905 1122 1971 liceret,
1151 1920 1187 1960 ex
1209 1902 1356 1961 Mediolano
1404 1847 1406 1980 ff

231 2010 354 2068 educere
375 2027 428 2083 per·
453 2011 544 2082 ipsam
565 2009 706 2066 eraetianr
736 2009 844 2068 milites
871 2009 900 2065 iu
922 2008 1124 2079 Germaniam,
1158 2007 1276 2080 qnando
1301 2021 1355 2078 opus
1405 2001 1406 2082 ᾗ

230 2112 339 2185 luisset,
361 2119 391 2172 et
410 2113 518 2172 habere
540 2113 619 2171 illam
641 2114 872 2172 commoditatem
893 2115 1019 2186 ipsorum
1039 2113 1225 2180 Rhaetornm,
1254 2113 1299 2185 qai
1316 2111 1356 2180 ipsi
1405 2111 1406 2180 j

228 2219 395 2277 militarent.
436 2217 507 2274 Haec
528 2224 592 2275 erat.
613 2233 670 2274 una
690 2234 784 2276 causa.
825 2217 930 2276 Altera
951 2233 1034 2288 uero,
1063 2224 1095 2274 nt
1122 2224 1253 2288 peteret,
1280 2223 1308 2273 ut
1325 2213 1356 2270 di·

227 2324 413 2380 mitterentur
433 2338 532 2380 omnes
554 2323 653 2380 exules
673 2329 793 2395 propter·
814 2324 1010 2395 evangelium,
1036 2323 1199 2394 praesertim
1221 2336 1287 2379 vero
1305 2335 1357 2378 oon·

228 2429 404 2494 donatores,
427 2425 476 2498 qui
496 2443 527 2484 sc
548 2426 740 2484 eontulissent
760 2428 788 2483 in
810 2427 875 2484 illus
896 2428 995 2499 Alpes.
1038 2427 1125 2486 Venit
1150 2427 1251 2500 itaque
1272 2425 1356 2496 Hispa·

228 2534 339 2592 uiarum
355 2532 431 2605 regis
444 2532 557 2603 legatus
571 2531 702 2603 Curiam,
724 2537 754 2590 et
774 2533 861 2604 cmpit
883 2531 1034 2605 negotiari,
1054 2531 1220 2604 incipiendo
1241 2547 1259 2588 a
1278 2533 1356 2602 posta·

227 2640 304 2696 riore
326 2637 458 2709 negotio,
488 2643 517 2694 et
545 2637 655 2694 uullnm
682 2635 821 2694 hactenus
842 2635 962 2693 uerbum
982 2633 1051 2693 iecit
1072 2634 1109 2692 de
1131 2634 1246 2706 priore,
1277 2630 1356 2691 sedai

227 2741 286 2815 fiet,
317 2743 413 2798 statius
439 2740 647 2812 significabitur
667 2741 752 2809 milri,
780 2747 810 2797 et
836 2739 1001 2812 significabo
1028 2739 1139 2798 Vestra
1168 2735 1354 2796 Illustrissima

228 2843 399 2903 Celsitudiui
415 2844 518 2902 omnia.
549 2845 698 2913 Existimo,
719 2845 813 2914 ipsum
834 2833 961 2917 legatum
982 2846 1097 2902 minime
1118 2845 1278 2915 petiturum
1297 2854 1357 2897 nunc
1403 2853 1404 2856 ’

228 2957 286 3008 tam
307 2949 398 3008 multa
417 2965 435 3007 a
457 2949 578 3006 dominis
599 2947 724 3013 libatis
746 2947 798 3004 sed
819 2953 985 3006 contentum
1006 2945 1149 3018 futurum,
1177 2949 1202 3004 si
1221 2947 1299 3018 prius
1318 2960 1356 3002 ex·

228 3055 357 3125 periatur·
377 3056 406 3112 in
426 3053 549 3112 articulo
571 3053 607 3110 de
629 3053 778 3126 religione,
800 3055 960 3125 praesertim
982 3068 1046 3110 cum
1061 3050 1233 3109 habeatsibi
1254 3049 1357 3122 adjure-

228 3167 288 3216 tum
309 3159 396 3232 Papae
418 3160 502 3216 etiam
530 3159 676 3232 leuatum.¹
706 3157 780 3228 Quid
802 3164 898 3216 autern
919 3157 947 3213 iu
968 3173 1053 3215 eausa
1073 3157 1221 3228 religionis
1247 3154 1357 3227 petierit,

154 3303 156 3308 ,
229 3262 342 3322 mittol.
1402 3329 1403 3332 Ἴ

306 3368 421 3426 Revera
441 3366 496 3425 fnit
516 3368 552 3426 ad
574 3385 618 3426 nte
646 3366 801 3439 scripturn,
829 3366 907 3440 qaod
927 3365 1040 3438 Angliae
1061 3369 1164 3439 regina
1188 3364 1296 3424 miserit
1319 3377 1357 3419 ser

228 3490 294 3532 suos
315 3473 465 3544 theologos
485 3473 521 3530 ad
542 3473 715 3546 colloquium
738 3472 914 3543 Gallicum03
944 3472 1040 3541 miror,
1062 3472 1139 3542 quod
1161 3471 1264 3529 Vestra
1284 3467 1359 3525 Celsi·

229 3577 300 3636 tudo
321 3577 518 3636 illustrissima
538 3578 663 3649 scribat,
683 3579 725 3634 ¹id
753 3579 807 3634 sibi
833 3594 889 3635 non
917 3575 1005 3634 fuisse
1027 3575 1225 3647 significatum.
1266 3570 1358 3641 Scripsi

228 3684 301 3756 lreri,
320 3683 378 3754 Janr
402 3698 463 3740 esse
478 3699 560 3753 lraene
575 3683 716 3754 absoluta,
738 3700 802 3755 qnoe
821 3683 857 3740 de
874 3670 994 3740 concilio
1016 3683 1130 3750 dictavi,
1152 3688 1184 3738 ct
1202 3694 1303 3750 cupere
1322 3690 1357 3732 me
1401 3659 1402 3698 l

228 3785 376 3857 accedere,
391 3801 453 3842 curn
470 3785 593 3856 primunr
611 3784 796 3863 eelsitudinis
812 3786 924 3844 Vestrae
937 3786 1050 3844 litteras
1062 3785 1199 3856 lrabuero,
1220 3799 1282 3856 quae
1301 3779 1356 3838 mihi

229 3888 379 3964 significet,
401 3906 437 3948 an
460 3889 635 3964 Statgardiae
656 3889 754 3948 futura
775 3891 821 3958 sit,
843 3897 873 3949 et
894 3898 977 3948 vacet
996 3906 1041 3948 me
1062 3889 1186 3947 audire„
1309 3953 1314 3966 ,

306 3997 411 4066 Audio,
429 3995 574 4054 Ferrarius
596 3995 770 4054 cardinalem
791 4012 903 4054 erucem
925 4002 1040 4067 gestare
1052 3997 1081 4052 in
1095 3993 1200 4066 Gallia3
1220 4009 1281 4050 cum
1301 4003 1356 4046 reru
1400 4011 1401 4060 3

227 4101 284 4160 iter·
304 4100 399 4173 iaciat,
421 4103 514 4160 audiri
537 4102 659 4161 subinde
680 4120 773 4174 sicces,
796 4121 858 4176 quae
880 4103 994 4161 dicunt:
1017 4102 1143 4173 Renard,
1164 4099 1293 4168 Retrard,
1313 4096 1355 4152 lroc

793 4235 808 4270 *-

299 4342 313 4394 r
334 4339 399 4407 vgr.
418 4357 445 4392 η.
466 4340 522 4392 rar.

296 4429 358 4481 as.
381 4428 437 4480 ns.
