2830 5078
1299 327 1353 382 isto

218 508 267 582 qni
288 523 333 566 me
354 511 468 594 urgent,
490 507 526 564 ut¹
542 505 620 564 illius
641 506 767 565 civitatis
789 521 886 564 curam
908 505 1038 577 habeam,
1059 502 1168 563 libellis
1188 504 1296 564 scilicet
1313 507 1354 564 im·

220 611 324 684 missis,
346 612 395 685 qai
415 611 486 670 satis
505 611 590 670 avide
611 609 647 669 ab
671 610 728 670 illis
749 610 930 670 senatoribus
949 611 1110 683 rapiuntur,
1132 615 1166 670 ut
1178 611 1270 683 ajunt.
1298 609 1356 668 Edi·

218 717 334 790 denam,
357 721 510 790 antequam
531 716 561 774 in
581 713 730 774 Poloniam
750 715 837 788 irem,
858 716 1019 774 orationem
1039 714 1310 788 congratulatoriam
1329 714 1357 772 ad

218 821 320 881 ducem
340 821 483 880 Venatum
498 819 516 892 ¹,
537 821 566 878 in
589 835 645 892 qua
665 816 796 878 fortassis
816 818 926 893 aliquid
947 834 1131 890 monueram,
1154 819 1232 893 qnod
1252 818 1356 878 adrem

216 924 334 986 laceret.
375 925 459 984 Nunc
485 923 586 992 audio,
622 940 684 984 earn
705 923 743 982 ad
769 940 884 984 manum
912 926 1003 998 ipsius
1033 924 1114 985 ducis
1141 930 1358 998 penetrassent

218 1033 404 1094 commovisse
427 1035 457 1089 et
477 1031 652 1102 concussisse
674 1047 731 1088 non
752 1045 907 1102 paucorum
928 1031 1038 1089 animos
1058 1030 1087 1088 in
1110 1047 1145 1090 ea
1165 1031 1291 1088 civitate.
1324 1029 1357 1087 Er

219 1155 276 1212 qua
295 1136 460 1210 nuperrime
481 1152 555 1194 unns
580 1134 699 1208 insignis
720 1142 837 1195 senator
864 1152 900 1194 ex
921 1133 1048 1203 familia,
1080 1152 1143 1209 qnae
1170 1135 1358 1208 appellatura
1404 1155 1405 1170 ³

220 1243 332 1313 Ponte,
364 1241 513 1312 religionis
542 1257 611 1312 ergo
639 1239 767 1314 profugit
795 1257 859 1298 cum
887 1239 998 1298 duobus
1025 1241 1089 1299 aliis
1116 1256 1151 1298 ac
1171 1239 1319 1299 Genavam
1336 1257 1357 1298 se
1406 1267 1407 1270 ¹

219 1346 348 1417 contulit,
370 1347 467 1418 plnres
488 1361 556 1404 voro
577 1343 744 1419 profugient
758 1346 787 1404 in
803 1347 874 1418 dies,
898 1351 929 1404 ut
944 1349 1070 1420 sperant.
1092 1345 1129 1403 Hi
1145 1345 1233 1418 primi
1248 1345 1358 1404 omniun

219 1457 303 1523 sant,
336 1452 385 1524 qni
411 1467 446 1508 ex
474 1449 625 1510 nobilitate
647 1451 760 1510 Veneta
787 1451 881 1524 palam
909 1451 1054 1510 dederunt
1079 1466 1184 1508 nomen
1212 1452 1357 1524 evangelio,

146 1540 149 1548 ¹
221 1555 298 1629 quod
319 1555 423 1614 crescit
444 1556 471 1612 in
495 1571 605 1613 summa
625 1554 794 1629 radicesque
816 1555 921 1614 dilatat
941 1555 972 1613 in
993 1555 1064 1627 dies,
1086 1571 1139 1629 per
1161 1555 1219 1614 Dei
1239 1558 1357 1628 gratian.

298 1657 391 1718 Tanta
411 1665 456 1718 est
476 1675 597 1718 annonae
619 1659 750 1717 Venetiis
771 1659 909 1732 caritas‘‚
936 1665 969 1718 ut
990 1665 1113 1734 coeptum
1134 1661 1171 1718 sit
1199 1675 1236 1718 ex
1260 1661 1359 1732 publico

223 1765 312 1824 dividi
333 1767 411 1824 inter·
430 1781 572 1839 pauperes
593 1780 628 1822 ea
648 1765 777 1832 munitio,
800 1781 863 1838 qnae
884 1769 1005 1838 propter
1026 1767 1163 1823 maximas
1184 1765 1359 1824 necessitates

225 1871 328 1944 reponi
349 1871 439 1939 solet,
469 1887 501 1929 ao
522 1885 577 1927 non
600 1874 645 1928 est
667 1867 800 1936 dubium,
830 1869 897 1942 quin
919 1868 1014 1927 adhuc
1034 1867 1218 1940 augebuntur
1239 1867 1360 1928 frumenti

223 1977 326 2048 pretia.

299 2081 366 2140 Dux
381 2079 534 2140 Sabandiae
548 2079 626 2138 misit
641 2069 707 2137 suos
728 2079 840 2152 legatos
861 2078 897 2136 ad
919 2077 1043 2150 comitia,
1065 2095 1128 2152 qnae
1150 2077 1272 2151 singulis
1292 2080 1360 2136 annis

221 2185 294 2245 finnt
313 2184 440 2244 Badenae
461 2185 577 2244 circiter
598 2182 703 2242 festum
725 2184 848 2244 Joannis
868 2183 944 2258 apud
964 2183 1126 2252 Helvetios,
1147 2200 1233 2257 qnam
1256 2184 1292 2242 ob
1312 2200 1360 2242 ren

222 2291 249 2350 d.
270 2290 434 2350 Bernenses
455 2291 571 2349 suntin
592 2306 696 2363 magna
720 2288 924 2348 sollicitudine.
966 2288 1039 2346 Nam
1068 2287 1104 2346 ab
1131 2289 1175 2346 his
1196 2289 1360 2362 potissimum

223 2396 281 2454 dnx
301 2397 376 2469 petit
396 2395 487 2454 malta
508 2395 563 2453 sibi
584 2395 707 2453 restitui.
739 2394 814 2466 Quin
830 2398 859 2452 et
874 2392 954 2466 Papa
975 2409 1010 2450 eo
1031 2409 1115 2450 suum
1134 2392 1213 2452 misit
1233 2395 1360 2464 nuntium,

222 2499 299 2558 hand
321 2496 423 2570 dubie,
454 2504 485 2555 nt
505 2497 655 2556 Helvetios
684 2495 737 2554 sibi
759 2497 914 2570 adjungat,
944 2497 1052 2554 utinam
1074 2501 1175 2556 contra
1196 2498 1303 2557 Turcas
1321 2497 1362 2556 ad·

219 2604 365 2678 jungeret.
397 2603 539 2676 Rogaram
561 2603 676 2676 amicos,
697 2608 729 2660 ut
750 2602 818 2659 mihi
841 2601 949 2674 aliquid
970 2607 1132 2674 praeterea,
1155 2620 1220 2676 qnae
1240 2603 1360 2672 sciebam,

224 2706 358 2780 dePapae
379 2705 574 2780 genealogia*
594 2704 828 2780 significarent&
850 2710 976 2776 monent,
998 2722 1063 2764 eum
1085 2723 1148 2766 esse
1169 2723 1207 2767 ex
1226 2724 1300 2781 pago
1314 2709 1361 2765 Ve-

224 2819 300 2872 netae
321 2812 439 2871 ditionis
460 2811 628 2884 oriundum,
658 2827 725 2869 snos
753 2817 849 2870 tamen
871 2811 1030 2870 Mediolani
1050 2811 1164 2884 degisse
1184 2815 1215 2872 in
1237 2829 1362 2887 senago,

223 2934 322 2978 omnes
343 2935 406 2977 esse
426 2917 562 2987 medicos,
585 2916 639 2975 lroc
661 2923 714 2990 est,
736 2922 919 2988 castratores,
940 2916 1007 2974 ideo
1027 2917 1154 2978 medicos
1169 2918 1270 2990 dictos,
1290 2933 1362 2976 arum

224 3029 320 3084 autem
341 3024 430 3098 ipsine
449 3025 480 3082 in
500 3023 629 3098 patibulo
651 3039 833 3098 suspensum,
856 3031 886 3081 et
904 3023 963 3081 alia
980 3003 1087 3092 multa,
1109 3039 1174 3096 unae
1195 3040 1278 3082 servo
1297 3020 1362 3096 apud

224 3146 278 3188 me.
309 3128 413 3202 Legati
433 3127 620 3186 Valdensium
642 3129 828 3188 ecclesiarum
850 3128 928 3200 apud
949 3127 1160 3187 Celsitudincm
1180 3130 1310 3193 Vestram
1327 3125 1362 3184 di-

225 3240 336 3306 xerant,
359 3250 389 3292 se
405 3235 480 3292 scire
495 3235 596 3292 missos
618 3232 706 3292 luisse
727 3235 890 3307 aliquarum
906 3221 1107 3306 ecclesiarum,
1129 3251 1193 3308 qnae
1214 3239 1281 3292 sunt
1299 3235 1363 3291 cirm

227 3339 402 3411 cracoviam,
425 3339 462 3396 ad
483 3339 634 3398 Helvetios
654 3341 767 3411 legatos
777 3329 799 3396 ¹¹.
841 3338 936 3409 Quare
964 3339 994 3396 hi
1021 3336 1141 3397 inerunt
1160 3355 1264 3398 revera
1282 3350 1363 3410 nuper

225 3444 286 3503 illic
307 3451 337 3502 et
357 3445 447 3502 mnlta
462 3451 561 3503 contra
578 3444 668 3504 bonos
678 3444 847 3515 valdenses,
869 3460 940 3518 qnos
962 3445 1047 3516 vulgo
1067 3444 1224 3518 appellant,
1245 3448 1277 3502 nt
1294 3440 1362 3498 dele-

226 3553 292 3608 rent
313 3566 377 3621 eos,
406 3550 590 3609 miscuerunt.
632 3549 690 3608 Sed
717 3555 781 3609 tota
800 3548 867 3608 laba
898 3550 1013 3608 tandem
1040 3551 1069 3608 in
1097 3565 1193 3608 meum
1217 3544 1361 3621 prasertim

797 3681 811 3714 ›l‹

298 3785 312 3838 l
331 3785 411 3841 Anch
430 3784 504 3840 disse
523 3783 645 3854 epistola
656 3783 899 3852 congratulatoria
911 3783 998 3838 findet
1010 3781 1069 3836 sich
1082 3780 1119 3835 im
1134 3781 1279 3851 Serapeum
1291 3773 1363 3830 nieht

227 3873 412 4016 erwagmiiach
431 3961 530 4015 Ranke
549 3958 615 4015 hiell
635 3961 684 4015 der
703 3961 783 4016 vater
802 3975 857 4014 ron
869 3957 935 4011 Pius
947 3956 986 4011 IV
1004 3954 1177 4010 Bernardino
1190 3949 1361 4014 Medicam!

227 4048 300 4103 nach
318 4047 446 4104 Mailand
465 4063 590 4118 geaogen
618 4048 675 4101 und
701 4046 782 4102 hatte
808 4045 867 4100 sich
892 4044 956 4116 dort
975 4042 1019 4098 ein
1037 4041 1147 4098 kleines
1165 4045 1306 4108 vermigen
1321 4049 1361 4086 er·

227 4136 353 4201 worben;
374 4136 424 4190 der
441 4135 545 4190 bruder
564 4135 612 4190 der
627 4135 741 4205 papates
754 4131 956 4202 Giangiacomo
975 4129 1152 4200 begriindete
1171 4125 1254 4182 durch
1269 4118 1359 4192 gldck·

226 4223 300 4280 liehe
320 4223 521 4280 waffenthaten
542 4223 595 4279 den
619 4222 667 4278 tuf
687 4221 777 4277 seines
801 4220 913 4284 hauses3
943 4217 1008 4272 Pius
1035 4217 1174 4272 studierte
1198 4213 1240 4268 die
1265 4205 1357 4289 scabie,

227 4312 336 4367 erwarb
355 4311 414 4368 sich
433 4309 524 4365 demit
547 4309 629 4366 einen
653 4325 773 4373 namen,
803 4307 898 4362 wrrrde
925 4304 1052 4362 cardinal
1077 4303 1136 4358 und
1160 4299 1247 4372 papst.
1278 4294 1302 4348 S·
1318 4291 1357 4343 br·

228 4415 255 4452 n.
275 4399 334 4454 102.
355 4399 413 4456 125.
435 4399 493 4452 141.
