2862 5080
91 357 147 414 1563

89 531 156 592 diser
173 531 265 592 seiner
285 531 422 594 billichen
442 535 546 594 sachen
567 535 596 594 in
617 553 664 608 gn.
687 535 807 596 bevelch
830 536 929 596 haben'
944 537 1004 597 und
1019 539 1053 598 Ε.
1066 539 1099 598 L.
1117 541 1217 614 jeder·

85 637 134 696 seit
151 635 182 696 ir.
212 655 246 696 zu
277 638 402 698 dienne'n
431 637 526 698 haben
557 656 607 713 syo
638 657 692 700 uns
724 641 819 714 willig.
862 641 967 702 Datum
998 643 1054 702 dan
1085 645 1122 702 22
1144 645 1214 706 Maii

84 759 148 800 anno
167 743 210 802 63.

173 847 416 921 Ad'Vergerium.

149 949 286 1011 Sehickbo
312 953 368 1010 ime
393 952 495 1012 hiemit
522 954 672 1014 schreiben
694 971 729 1014 an
751 954 895 1030 herzogen
916 973 970 1014 von
992 955 1135 1016 Preussen
1155 957 1215 1016 uud

82 1055 136 1127 copi
155 1055 332 1128 desselbigen
353 1056 476 1128 inhalts,
508 1059 567 1118 und
595 1077 660 1134 mag
680 1077 739 1118 nun
760 1077 792 1122 er
812 1061 912 1120 seinen
933 1065 1072 1135 nepotten
1092 1078 1128 1120 zu
1148 1060 1213 1120 dem

80 1160 207 1234 herzogen
229 1160 319 1218 demit
345 1159 535 1237 ablerttigen,
564 1163 637 1224 auch
665 1163 715 1222 die
743 1165 820 1224 mein
840 1163 991 1224 schreiben
1012 1182 1048 1224 an
1070 1161 1127 1224 de'n
1147 1164 1213 1226 her·

79 1279 159 1335 zogcn
177 1281 231 1322 von
253 1265 397 1325 Prcnssen
418 1267 473 1341 bey
494 1269 554 1328 sich
575 1271 604 1327 in
625 1271 738 1342 genens
760 1269 911 1343 behalten,
940 1269 976 1328 ob
997 1275 1091 1330 certas
1112 1285 1213 1330 causas

78 1369 128 1427 und
146 1369 188 1428 bis
208 1370 256 1428 die
276 1369 386 1443 kunigi.
407 1373 553 1448 Mayesttt
573 1375 628 1432 mir
655 1375 706 1432 des
727 1374 870 1434 Schalichi
890 1374 991 1470 halber
1011 1375 1143 1434 weittem
1163 1373 1213 1433 be·

76 1473 140 1532 richt
160 1475 250 1532 thret.

137 1576 213 1632 Alles
230 1576 425 1647 eigenhtndig
446 1594 498 1632 von
517 1578 582 1634 dem
600 1577 703 1650 herzog
721 1576 915 1648 geschrieben.

607 1832 670 1890 183.

364 1963 489 2050 Verger
511 1986 554 2029 an
576 1964 696 2051 herzog
717 1963 904 2048 Christoph.

437 2095 645 2170 Troiugenas
667 2095 726 2154 Mai
750 2095 834 2154 1563.

133 2214 325 2271 Naehrichten
345 2215 414 2270 iiber
438 2215 515 2270 ssime
541 2213 713 2284 gesundheit
741 2216 798 2269 und
824 2215 892 2270 fiber
916 2213 961 2268 die
987 2212 1096 2268 abreisa
1120 2212 1210 2268 scires

70 2310 152 2366 neflen
172 2309 303 2368 Aurelius
322 2311 395 2368 nach
414 2311 550 2366 Prenilan.

139 2427 339 2487 illustrissime
361 2428 500 2503 Princeps
522 2435 551 2487 et
572 2429 695 2488 Domine
716 2430 839 2488 Domine
861 2427 1105 2488 clementissime!

137 2531 240 2606 Spero,
260 2529 409 2592 moluisse
431 2534 648 2608 diligentemin
669 2535 892 2608 percunctando,
913 2550 970 2608 qno
990 2531 1075 2592 modo
1095 2546 1206 2592 succes·

67 2636 151 2696 serint
171 2629 318 2711 nuptiae'¹‚
340 2655 428 2712 quare
450 2639 614 2699 vehementi
634 2640 738 2698 laetitia
757 2639 877 2698 affectus
898 2637 948 2710 fui,
975 2653 1038 2696 cnm
1058 2635 1208 2708 audierim,

65 2741 152 2800 omnia
172 2758 313 2816 prospere
334 2741 514 2813 successisse,
535 2747 595 2800 tum
617 2741 694 2815 qnod
715 2741 752 2800 ad
769 2742 824 2802 Dci
845 2741 975 2814 gloriam,
995 2745 1057 2798 tum
1073 2737 1149 2813 quod
1171 2737 1208 2796 ad

63 2844 202 2904 mundum.
247 2844 398 2904 Landetur
417 2845 505 2904 Dens.

135 2949 229 3008 Valeo
249 2951 448 3020 mediocriter,
476 2951 533 3007 imo
554 2949 701 3022 aliquanto
722 2950 814 3007 minus
843 2948 926 3016 bene,
958 2953 990 3006 ut
1010 2946 1111 3016 dicam,
1131 2945 1208 3020 qnod

63 3059 116 3125 est,
144 3062 175 3115 et
196 3055 223 3112 si
244 3054 345 3114 medici
367 3054 494 3112 Helvetii
515 3053 730 3126 consuluerint,
762 3059 794 3110 ut
820 3052 1019 3126 Tubingensas
1047 3051 1207 3123 consulunt,

64 3172 152 3231 spero,
174 3176 222 3218 me
243 3159 281 3218 in'
294 3159 414 3218 thermis
435 3157 614 3218 Badeusibns
636 3161 793 3218 consistere
813 3159 924 3232 aliquot
949 3157 1127 3229 septimanis,
1156 3154 1208 3215 sed

61 3257 168 3335 faciam,
190 3262 270 3335 quod
290 3263 430 3321 Dominus
449 3261 643 3336 inspiraverit.

132 3363 214 3423 Nihil
243 3366 323 3424 aliud
351 3371 501 3439 exspecto,
528 3381 613 3437 quam
644 3371 676 3423 nt
705 3366 882 3440 intelligam,
915 3366 984 3440 qnid
1011 3365 1208 3424 illustrissima

61 3466 208 3530 Celsitudo
231 3469 336 3529 Vestra
356 3472 494 3529 statuerit
520 3471 556 3528 de
584 3487 648 3529 meo
675 3479 782 3544 nepote
802 3473 832 3530 in
852 3469 998 3531 Prassiam
1023 3469 1206 3542 mittendo¹;

61 3573 104 3634 nbi
131 3576 163 3634 id
193 3577 331 3645 audiero,
362 3578 508 3648 accingam
530 3593 574 3636 me
595 3577 692 3635 itineri
715 3575 872 3636 confestim.
914 3577 992 3649 Agat
1012 3575 1207 3634 lllustrissima

60 3677 208 3740 celsitudo
230 3681 342 3751 Vestra,
364 3682 441 3756 quod
461 3682 586 3741 libuerit.
628 3682 718 3757 Cupio
739 3683 870 3756 quidem,
899 3687 931 3741 nt
956 3698 1045 3756 nepos
1065 3682 1206 3752 mittatur,

57 3783 105 3841 sed
126 3790 228 3842 tamen
248 3784 353 3843 Vestra
374 3785 505 3842 voluntas
525 3783 585 3856 fiat,
607 3801 664 3842 non
685 3801 757 3857 mea,
779 3785 820 3843 sic
840 3787 916 3844 enim
937 3787 1029 3846 decet.

133 3889 196 3949 Mei
218 3889 346 3962 hospites
367 3890 571 3962 discesserunt,
593 3891 702 3948 relictis
722 3892 828 3964 pueris,
850 3892 899 3966 qni
919 3898 985 3952 suut
1004 3893 1034 3950 in
1054 3891 1206 3951 bonoloco

56 3993 207 4066 collocati,
239 4011 312 4067 qnos
342 4008 427 4067 spero
454 3993 635 4066 profecturos
662 3995 699 4054 ad
724 3995 838 4055 laudem
860 3996 916 4054 Dei
943 4003 974 4057 et
1000 3994 1205 4056 Illustrissimae

57 4097 244 4160 celsitudinis
267 4101 387 4160 Vestrae.
428 4101 486 4160 Det
505 4101 599 4173 Deus,
621 4107 654 4160 nt
673 4101 765 4160 multa
784 4117 860 4174 saepe
880 4101 1044 4176 huJusmodi
1064 4098 1205 4171 conficiat.

624 4233 639 4266 *

122 4337 140 4477 ὲ
159 4333 190 4478 ἓ.
209 4354 238 4478 11.
258 4337 318 4478 ig}
339 4425 397 4480 191.
425 4425 480 4480 Der
498 4424 601 4496 herzog
619 4424 745 4481 sohiolste
762 4424 813 4480 iim
830 4423 900 4480 bald
918 4421 1021 4481 damni
1034 4421 1099 4478 fort.
1125 4419 1186 4476 221.
