<?xml version="1.0" encoding="UTF-8"?>
<!DOCTYPE html PUBLIC "-//W3C//DTD XHTML 1.0 Transitional//EN"
    "http://www.w3.org/TR/xhtml1/DTD/xhtml1-transitional.dtd">
<html xmlns="http://www.w3.org/1999/xhtml" xml:lang="en" lang="en">
 <head>
  <title>
</title>
<meta http-equiv="Content-Type" content="text/html;charset=utf-8" />
  <meta name='ocr-system' content='tesseract 3.04.00' />
  <meta name='ocr-capabilities' content='ocr_page ocr_carea ocr_par ocr_line ocrx_word'/>
</head>
<body>
  <div class='ocr_page' id='page_1' title='image "./briefwechselzwi01verggoog/briefwechselzwi01verggoog_0321.png"; bbox 0 0 2830 5072; ppageno 0'>
   <div class='ocr_carea' id='block_1_1' title="bbox 1296 334 1350 391">
    <p class='ocr_par' dir='ltr' id='par_1_1' title="bbox 1296 334 1350 391">
     <span class='ocr_line' id='line_1_1' title="bbox 1296 334 1350 391; baseline -0.056 0"><span class='ocrx_word' id='word_1_1' title='bbox 1296 334 1350 391; x_wconf 80' lang='lat' dir='ltr'>lior</span> 
     </span>
    </p>
   </div>
   <div class='ocr_carea' id='block_1_2' title="bbox 214 510 1412 902">
    <p class='ocr_par' dir='ltr' id='par_1_2' title="bbox 214 510 1412 902">
     <span class='ocr_line' id='line_1_2' title="bbox 214 510 1352 590; baseline -0.006 -14"><span class='ocrx_word' id='word_1_2' title='bbox 214 517 437 590; x_wconf 81' lang='lat' dir='ltr'>supervenisset,</span> <span class='ocrx_word' id='word_1_3' title='bbox 460 515 557 572; x_wconf 88' lang='lat' dir='ltr'>neseio</span> <span class='ocrx_word' id='word_1_4' title='bbox 578 511 663 572; x_wconf 86' lang='lat' dir='ltr'>unde.</span> <span class='ocrx_word' id='word_1_5' title='bbox 698 515 793 586; x_wconf 79' lang='lat' dir='ltr'>Quare</span> <span class='ocrx_word' id='word_1_6' title='bbox 815 518 931 572; x_wconf 90' lang='lat' dir='ltr'>auctum</span> <span class='ocrx_word' id='word_1_7' title='bbox 953 515 998 570; x_wconf 91' lang='lat' dir='ltr'>est</span> <span class='ocrx_word' id='word_1_8' title='bbox 1020 526 1120 570; x_wconf 89' lang='lat' dir='ltr'>eorum</span> <span class='ocrx_word' id='word_1_9' title='bbox 1140 511 1170 567; x_wconf 93' lang='lat' dir='ltr'>in</span> <span class='ocrx_word' id='word_1_10' title='bbox 1191 527 1235 569; x_wconf 89' lang='lat' dir='ltr'>me</span> <span class='ocrx_word' id='word_1_11' title='bbox 1258 510 1352 582; x_wconf 91' lang='lat' dir='ltr'>odium,</span> 
     </span>
     <span class='ocr_line' id='line_1_3' title="bbox 216 613 1353 692; baseline -0.005 -12"><span class='ocrx_word' id='word_1_12' title='bbox 216 627 246 680; x_wconf 89' lang='lat' dir='ltr'>at</span> <span class='ocrx_word' id='word_1_13' title='bbox 266 636 342 678; x_wconf 86' lang='lat' dir='ltr'>unna</span> <span class='ocrx_word' id='word_1_14' title='bbox 362 617 477 676; x_wconf 88' lang='lat' dir='ltr'>demum</span> <span class='ocrx_word' id='word_1_15' title='bbox 498 616 658 692; x_wconf 77' lang='lat' dir='ltr'>persuadeo</span> <span class='ocrx_word' id='word_1_16' title='bbox 685 616 772 684; x_wconf 90' lang='lat' dir='ltr'>mihi,</span> <span class='ocrx_word' id='word_1_17' title='bbox 798 633 843 677; x_wconf 90' lang='lat' dir='ltr'>me</span> <span class='ocrx_word' id='word_1_18' title='bbox 870 615 979 674; x_wconf 87' lang='lat' dir='ltr'>babere</span> <span class='ocrx_word' id='word_1_19' title='bbox 1006 613 1237 674; x_wconf 81' lang='lat' dir='ltr'>benevolentiam</span> <span class='ocrx_word' id='word_1_20' title='bbox 1258 615 1314 674; x_wconf 88' lang='lat' dir='ltr'>Dei</span> <span class='ocrx_word' id='word_1_21' title='bbox 1330 622 1353 676; x_wconf 89' lang='lat' dir='ltr'>et</span> 
     </span>
     <span class='ocr_line' id='line_1_4' title="bbox 215 720 1351 796; baseline -0.005 -12"><span class='ocrx_word' id='word_1_22' title='bbox 215 724 339 795; x_wconf 84' lang='lat' dir='ltr'>Christi,</span> <span class='ocrx_word' id='word_1_23' title='bbox 371 721 448 796; x_wconf 89' lang='lat' dir='ltr'>quod</span> <span class='ocrx_word' id='word_1_24' title='bbox 478 721 600 780; x_wconf 90' lang='lat' dir='ltr'>babeam</span> <span class='ocrx_word' id='word_1_25' title='bbox 625 721 868 780; x_wconf 88' lang='lat' dir='ltr'>antichristissimi</span> <span class='ocrx_word' id='word_1_26' title='bbox 898 720 996 780; x_wconf 89' lang='lat' dir='ltr'>odium</span> <span class='ocrx_word' id='word_1_27' title='bbox 1026 722 1119 793; x_wconf 84' lang='lat' dir='ltr'>majus</span> <span class='ocrx_word' id='word_1_28' title='bbox 1153 735 1238 792; x_wconf 89' lang='lat' dir='ltr'>quarn</span> <span class='ocrx_word' id='word_1_29' title='bbox 1269 729 1351 778; x_wconf 91' lang='lat' dir='ltr'>antea.</span> 
     </span>
     <span class='ocr_line' id='line_1_5' title="bbox 214 823 1412 902; baseline -0.003 -16"><span class='ocrx_word' id='word_1_30' title='bbox 214 827 332 898; x_wconf 79' lang='lat' dir='ltr'>Fateor,</span> <span class='ocrx_word' id='word_1_31' title='bbox 353 824 548 884; x_wconf 86' lang='lat' dir='ltr'>illustrissimo</span> <span class='ocrx_word' id='word_1_32' title='bbox 565 824 711 898; x_wconf 81' lang='lat' dir='ltr'>Princeps,</span> <span class='ocrx_word' id='word_1_33' title='bbox 732 841 777 884; x_wconf 84' lang='lat' dir='ltr'>me</span> <span class='ocrx_word' id='word_1_34' title='bbox 790 824 884 884; x_wconf 89' lang='lat' dir='ltr'>adbuc</span> <span class='ocrx_word' id='word_1_35' title='bbox 896 825 934 882; x_wconf 87' lang='lat' dir='ltr'>ad</span> <span class='ocrx_word' id='word_1_36' title='bbox 946 825 1024 884; x_wconf 88' lang='lat' dir='ltr'>illam</span> <span class='ocrx_word' id='word_1_37' title='bbox 1035 823 1178 882; x_wconf 75' lang='lat' dir='ltr'>Rhatiam</span> <span class='ocrx_word' id='word_1_38' title='bbox 1198 839 1251 897; x_wconf 92' lang='lat' dir='ltr'>pro</span> <span class='ocrx_word' id='word_1_39' title='bbox 1272 825 1351 897; x_wconf 84' lang='lat' dir='ltr'>gloria</span> <span class='ocrx_word' id='word_1_40' title='bbox 1410 829 1412 902; x_wconf 76' lang='lat' dir='ltr'>l</span> 
     </span>
    </p>
   </div>
   <div class='ocr_carea' id='block_1_3' title="bbox 115 927 1412 1002">
    <p class='ocr_par' dir='ltr' id='par_1_3' title="bbox 115 927 1412 1002">
     <span class='ocr_line' id='line_1_6' title="bbox 115 927 1412 1002; baseline 0.002 -14"><span class='ocrx_word' id='word_1_41' title='bbox 115 965 118 972; x_wconf 86' lang='lat'><strong>·</strong></span> <span class='ocrx_word' id='word_1_42' title='bbox 215 929 269 990; x_wconf 89' lang='lat' dir='ltr'>Dei</span> <span class='ocrx_word' id='word_1_43' title='bbox 297 929 457 1002; x_wconf 86' lang='lat' dir='ltr'>suspirare,</span> <span class='ocrx_word' id='word_1_44' title='bbox 484 929 533 988; x_wconf 93' lang='lat' dir='ltr'>ubi</span> <span class='ocrx_word' id='word_1_45' title='bbox 554 931 645 989; x_wconf 90' lang='lat' dir='ltr'>multa</span> <span class='ocrx_word' id='word_1_46' title='bbox 665 945 710 988; x_wconf 87' lang='lat' dir='ltr'>me</span> <span class='ocrx_word' id='word_1_47' title='bbox 731 945 815 1002; x_wconf 88' lang='lat' dir='ltr'>posse</span> <span class='ocrx_word' id='word_1_48' title='bbox 836 927 976 1001; x_wconf 85' lang='lat' dir='ltr'>proficere</span> <span class='ocrx_word' id='word_1_49' title='bbox 997 943 1160 1002; x_wconf 86' lang='lat' dir='ltr'>sperarem,</span> <span class='ocrx_word' id='word_1_50' title='bbox 1190 944 1350 1002; x_wconf 83' lang='lat' dir='ltr'>quamquam</span> <span class='ocrx_word' id='word_1_51' title='bbox 1411 987 1412 990; x_wconf 74' lang='grc'>,</span> 
     </span>
    </p>
   </div>
   <div class='ocr_carea' id='block_1_4' title="bbox 213 1033 1412 4020">
    <p class='ocr_par' dir='ltr' id='par_1_4' title="bbox 213 1021 1412 1317">
     <span class='ocr_line' id='line_1_7' title="bbox 215 1033 1351 1110; baseline -0.003 -16"><span class='ocrx_word' id='word_1_52' title='bbox 215 1035 286 1094; x_wconf 91' lang='lat' dir='ltr'>illud</span> <span class='ocrx_word' id='word_1_53' title='bbox 300 1035 404 1104; x_wconf 84' lang='lat' dir='ltr'>uuicat,</span> <span class='ocrx_word' id='word_1_54' title='bbox 426 1034 503 1110; x_wconf 87' lang='lat' dir='ltr'>quod</span> <span class='ocrx_word' id='word_1_55' title='bbox 516 1050 535 1092; x_wconf 90' lang='lat' dir='ltr'>a</span> <span class='ocrx_word' id='word_1_56' title='bbox 546 1033 650 1094; x_wconf 88' lang='lat' dir='ltr'>Vestra</span> <span class='ocrx_word' id='word_1_57' title='bbox 661 1033 840 1098; x_wconf 70' lang='lat' dir='ltr'>celsitudine</span> <span class='ocrx_word' id='word_1_58' title='bbox 853 1033 960 1106; x_wconf 91' lang='lat' dir='ltr'>andivi,</span> <span class='ocrx_word' id='word_1_59' title='bbox 981 1034 1058 1106; x_wconf 87' lang='lat' dir='ltr'>quod</span> <span class='ocrx_word' id='word_1_60' title='bbox 1073 1033 1209 1092; x_wconf 83' lang='lat' dir='ltr'>iuGallia</span> <span class='ocrx_word' id='word_1_61' title='bbox 1228 1049 1287 1092; x_wconf 91' lang='lat' dir='ltr'>non</span> <span class='ocrx_word' id='word_1_62' title='bbox 1307 1034 1351 1093; x_wconf 89' lang='lat' dir='ltr'>sint</span> 
     </span>
     <span class='ocr_line' id='line_1_8' title="bbox 213 1135 1412 1212; baseline -0.001 -16"><span class='ocrx_word' id='word_1_63' title='bbox 213 1137 287 1197; x_wconf 91' lang='lat' dir='ltr'>banc</span> <span class='ocrx_word' id='word_1_64' title='bbox 307 1135 454 1196; x_wconf 79' lang='lat' dir='ltr'>informati</span> <span class='ocrx_word' id='word_1_65' title='bbox 475 1137 646 1210; x_wconf 81' lang='lat' dir='ltr'>(propterea</span> <span class='ocrx_word' id='word_1_66' title='bbox 666 1151 736 1196; x_wconf 87' lang='lat' dir='ltr'>vero</span> <span class='ocrx_word' id='word_1_67' title='bbox 757 1142 859 1208; x_wconf 90' lang='lat' dir='ltr'>petant</span> <span class='ocrx_word' id='word_1_68' title='bbox 877 1137 993 1209; x_wconf 86' lang='lat' dir='ltr'>aPapa,</span> <span class='ocrx_word' id='word_1_69' title='bbox 1014 1143 1047 1196; x_wconf 89' lang='lat' dir='ltr'>ut</span> <span class='ocrx_word' id='word_1_70' title='bbox 1067 1145 1219 1212; x_wconf 85' lang='lat' dir='ltr'>utramque</span> <span class='ocrx_word' id='word_1_71' title='bbox 1240 1140 1352 1212; x_wconf 84' lang='lat' dir='ltr'>speciem</span> <span class='ocrx_word' id='word_1_72' title='bbox 1411 1153 1412 1156; x_wconf 69' lang='grc'>’</span> 
     </span>
     <span class='ocr_line' id='line_1_9' title="bbox 216 1240 1354 1317; baseline 0 -17"><span class='ocrx_word' id='word_1_73' title='bbox 216 1241 378 1317; x_wconf 83' lang='lat' dir='ltr'>concedat).</span> <span class='ocrx_word' id='word_1_74' title='bbox 411 1240 469 1300; x_wconf 84' lang='lat' dir='ltr'>Gor·</span> <span class='ocrx_word' id='word_1_75' title='bbox 489 1240 601 1313; x_wconf 89' lang='lat' dir='ltr'>aPapa</span> <span class='ocrx_word' id='word_1_76' title='bbox 621 1246 781 1314; x_wconf 86' lang='lat' dir='ltr'>peteretur,</span> <span class='ocrx_word' id='word_1_77' title='bbox 802 1241 879 1314; x_wconf 82' lang='lat' dir='ltr'>quod</span> <span class='ocrx_word' id='word_1_78' title='bbox 896 1241 1028 1300; x_wconf 81' lang='lat' dir='ltr'>Christus</span> <span class='ocrx_word' id='word_1_79' title='bbox 1047 1241 1195 1302; x_wconf 74' lang='lat' dir='ltr'>instituit?</span> <span class='ocrx_word' id='word_1_80' title='bbox 1216 1249 1249 1300; x_wconf 87' lang='lat' dir='ltr'>ut</span> <span class='ocrx_word' id='word_1_81' title='bbox 1264 1243 1354 1302; x_wconf 86' lang='lat' dir='ltr'>Vestra</span> 
     </span>
    </p>

    <p class='ocr_par' dir='ltr' id='par_1_5' title="bbox 216 1341 1412 1742">
     <span class='ocr_line' id='line_1_10' title="bbox 217 1341 1353 1418; baseline 0.003 -16"><span class='ocrx_word' id='word_1_82' title='bbox 217 1343 413 1403; x_wconf 82' lang='lat' dir='ltr'>illustrissima</span> <span class='ocrx_word' id='word_1_83' title='bbox 434 1341 582 1403; x_wconf 81' lang='lat' dir='ltr'>(lelsitndo</span> <span class='ocrx_word' id='word_1_84' title='bbox 603 1343 797 1402; x_wconf 86' lang='lat' dir='ltr'>illustrissimo</span> <span class='ocrx_word' id='word_1_85' title='bbox 818 1344 845 1404; x_wconf 75' lang='lat' dir='ltr'>d·</span> <span class='ocrx_word' id='word_1_86' title='bbox 868 1344 979 1402; x_wconf 86' lang='lat' dir='ltr'>llavaro</span> <span class='ocrx_word' id='word_1_87' title='bbox 1001 1343 1073 1405; x_wconf 89' lang='lat' dir='ltr'>duee</span> <span class='ocrx_word' id='word_1_88' title='bbox 1094 1346 1165 1406; x_wconf 90' lang='lat' dir='ltr'>mihi</span> <span class='ocrx_word' id='word_1_89' title='bbox 1185 1347 1312 1418; x_wconf 85' lang='lat' dir='ltr'>dixerat,</span> <span class='ocrx_word' id='word_1_90' title='bbox 1330 1365 1353 1405; x_wconf 85' lang='lat' dir='ltr'>ss</span> 
     </span>
     <span class='ocr_line' id='line_1_11' title="bbox 216 1427 1412 1523; baseline 0.003 -17"><span class='ocrx_word' id='word_1_91' title='bbox 216 1448 335 1519; x_wconf 79' lang='lat' dir='ltr'>dixisse,</span> <span class='ocrx_word' id='word_1_92' title='bbox 357 1463 407 1506; x_wconf 88' lang='lat' dir='ltr'>eur</span> <span class='ocrx_word' id='word_1_93' title='bbox 434 1448 522 1508; x_wconf 84' lang='lat' dir='ltr'>otiam</span> <span class='ocrx_word' id='word_1_94' title='bbox 542 1461 604 1504; x_wconf 90' lang='lat' dir='ltr'>rem</span> <span class='ocrx_word' id='word_1_95' title='bbox 625 1451 683 1504; x_wconf 84' lang='lat' dir='ltr'>inm</span> <span class='ocrx_word' id='word_1_96' title='bbox 705 1461 821 1517; x_wconf 86' lang='lat' dir='ltr'>parvam</span> <span class='ocrx_word' id='word_1_97' title='bbox 842 1452 957 1519; x_wconf 87' lang='lat' dir='ltr'>peteret</span> <span class='ocrx_word' id='word_1_98' title='bbox 978 1447 1045 1522; x_wconf 84' lang='lat' dir='ltr'>(boc</span> <span class='ocrx_word' id='word_1_99' title='bbox 1066 1455 1110 1508; x_wconf 90' lang='lat' dir='ltr'>est</span> <span class='ocrx_word' id='word_1_100' title='bbox 1130 1455 1281 1523; x_wconf 72' lang='lat' dir='ltr'>unamque</span> <span class='ocrx_word' id='word_1_101' title='bbox 1303 1465 1354 1522; x_wconf 91' lang='lat' dir='ltr'>spc-</span> <span class='ocrx_word' id='word_1_102' title='bbox 1410 1427 1412 1470; x_wconf 35' lang='grc' dir='ltr'><em>Α</em></span> 
     </span>
     <span class='ocr_line' id='line_1_12' title="bbox 218 1551 1412 1630; baseline -0.001 -19"><span class='ocrx_word' id='word_1_103' title='bbox 218 1553 305 1629; x_wconf 79' lang='lat' dir='ltr'>mem)</span> <span class='ocrx_word' id='word_1_104' title='bbox 324 1551 439 1614; x_wconf 84' lang='lat' dir='ltr'>Gallia?</span> <span class='ocrx_word' id='word_1_105' title='bbox 468 1569 531 1610; x_wconf 90' lang='lat' dir='ltr'>oum</span> <span class='ocrx_word' id='word_1_106' title='bbox 554 1551 643 1610; x_wconf 86' lang='lat' dir='ltr'>multo</span> <span class='ocrx_word' id='word_1_107' title='bbox 666 1553 775 1624; x_wconf 86' lang='lat' dir='ltr'>majora</span> <span class='ocrx_word' id='word_1_108' title='bbox 795 1552 835 1630; x_wconf 86' lang='lat' dir='ltr'>(si</span> <span class='ocrx_word' id='word_1_109' title='bbox 856 1552 940 1612; x_wconf 92' lang='lat' dir='ltr'>modo</span> <span class='ocrx_word' id='word_1_110' title='bbox 961 1553 1099 1629; x_wconf 83' lang='lat' dir='ltr'>petenda)</span> <span class='ocrx_word' id='word_1_111' title='bbox 1121 1570 1269 1613; x_wconf 85' lang='lat' dir='ltr'>censerem</span> <span class='ocrx_word' id='word_1_112' title='bbox 1289 1571 1354 1612; x_wconf 89' lang='lat' dir='ltr'>nunc</span> <span class='ocrx_word' id='word_1_113' title='bbox 1411 1617 1412 1628; x_wconf 23' lang='lat'>2</span> 
     </span>
     <span class='ocr_line' id='line_1_13' title="bbox 219 1641 1270 1730; baseline -0.002 -14"><span class='ocrx_word' id='word_1_114' title='bbox 219 1656 355 1730; x_wconf 89' lang='lat' dir='ltr'>petenda.</span> <span class='ocrx_word' id='word_1_115' title='bbox 1268 1641 1270 1652; x_wconf 66' lang='grc'><em>’</em></span> 
     </span>
    </p>

    <p class='ocr_par' dir='ltr' id='par_1_6' title="bbox 217 1747 1412 2028">
     <span class='ocr_line' id='line_1_14' title="bbox 294 1747 1412 1833; baseline -0.001 -15"><span class='ocrx_word' id='word_1_116' title='bbox 294 1761 327 1819; x_wconf 93' lang='lat' dir='ltr'>In</span> <span class='ocrx_word' id='word_1_117' title='bbox 349 1761 434 1822; x_wconf 88' lang='lat' dir='ltr'>ltalia</span> <span class='ocrx_word' id='word_1_118' title='bbox 454 1759 568 1832; x_wconf 89' lang='lat' dir='ltr'>publica</span> <span class='ocrx_word' id='word_1_119' title='bbox 589 1759 664 1820; x_wconf 86' lang='lat' dir='ltr'>fama</span> <span class='ocrx_word' id='word_1_120' title='bbox 685 1767 744 1830; x_wconf 89' lang='lat' dir='ltr'>est,</span> <span class='ocrx_word' id='word_1_121' title='bbox 772 1761 849 1833; x_wconf 83' lang='lat' dir='ltr'>quod</span> <span class='ocrx_word' id='word_1_122' title='bbox 871 1761 1022 1821; x_wconf 90' lang='lat' dir='ltr'>concilium</span> <span class='ocrx_word' id='word_1_123' title='bbox 1042 1779 1098 1820; x_wconf 93' lang='lat' dir='ltr'>non</span> <span class='ocrx_word' id='word_1_124' title='bbox 1119 1761 1225 1820; x_wconf 85' lang='lat' dir='ltr'>debeat</span> <span class='ocrx_word' id='word_1_125' title='bbox 1248 1762 1355 1822; x_wconf 89' lang='lat' dir='ltr'>ulterius</span> <span class='ocrx_word' id='word_1_126' title='bbox 1411 1747 1412 1752; x_wconf 31' lang='lat'>¹</span> 
     </span>
     <span class='ocr_line' id='line_1_15' title="bbox 217 1861 1353 1944; baseline 0.002 -22"><span class='ocrx_word' id='word_1_127' title='bbox 217 1864 362 1936; x_wconf 81' lang='lat' dir='ltr'>progredi,</span> <span class='ocrx_word' id='word_1_128' title='bbox 383 1861 434 1920; x_wconf 89' lang='lat' dir='ltr'>sed</span> <span class='ocrx_word' id='word_1_129' title='bbox 456 1861 582 1933; x_wconf 86' lang='lat' dir='ltr'>dissolvi,</span> <span class='ocrx_word' id='word_1_130' title='bbox 605 1862 657 1921; x_wconf 89' lang='lat' dir='ltr'>boa</span> <span class='ocrx_word' id='word_1_131' title='bbox 679 1869 723 1920; x_wconf 89' lang='lat' dir='ltr'>cst</span> <span class='ocrx_word' id='word_1_132' title='bbox 743 1862 823 1920; x_wconf 88' lang='lat' dir='ltr'>abire</span> <span class='ocrx_word' id='word_1_133' title='bbox 845 1864 873 1922; x_wconf 92' lang='lat' dir='ltr'>in</span> <span class='ocrx_word' id='word_1_134' title='bbox 895 1865 998 1924; x_wconf 88' lang='lat' dir='ltr'>malam</span> <span class='ocrx_word' id='word_1_135' title='bbox 1018 1882 1088 1938; x_wconf 92' lang='lat' dir='ltr'>rem,</span> <span class='ocrx_word' id='word_1_136' title='bbox 1110 1867 1188 1944; x_wconf 81' lang='lat' dir='ltr'>quod</span> <span class='ocrx_word' id='word_1_137' title='bbox 1207 1866 1295 1926; x_wconf 82' lang='lat' dir='ltr'>iaciat</span> <span class='ocrx_word' id='word_1_138' title='bbox 1308 1866 1353 1924; x_wconf 91' lang='lat' dir='ltr'>Do·</span> 
     </span>
     <span class='ocr_line' id='line_1_16' title="bbox 217 1967 320 2028; baseline -0.019 0"><span class='ocrx_word' id='word_1_139' title='bbox 217 1967 320 2028; x_wconf 89' lang='lat' dir='ltr'>minus.</span> 
     </span>
    </p>

    <p class='ocr_par' dir='ltr' id='par_1_7' title="bbox 215 2071 1411 3506">
     <span class='ocr_line' id='line_1_17' title="bbox 295 2071 1355 2146; baseline -0.002 -16"><span class='ocrx_word' id='word_1_140' title='bbox 295 2071 394 2130; x_wconf 83' lang='lat' dir='ltr'>Romae</span> <span class='ocrx_word' id='word_1_141' title='bbox 415 2071 512 2144; x_wconf 80' lang='lat' dir='ltr'>agitur</span> <span class='ocrx_word' id='word_1_142' title='bbox 533 2087 620 2130; x_wconf 88' lang='lat' dir='ltr'>causa</span> <span class='ocrx_word' id='word_1_143' title='bbox 640 2087 737 2128; x_wconf 90' lang='lat' dir='ltr'>euram</span> <span class='ocrx_word' id='word_1_144' title='bbox 759 2071 929 2130; x_wconf 85' lang='lat' dir='ltr'>antichristo</span> <span class='ocrx_word' id='word_1_145' title='bbox 955 2072 991 2130; x_wconf 89' lang='lat' dir='ltr'>dc</span> <span class='ocrx_word' id='word_1_146' title='bbox 1017 2089 1107 2146; x_wconf 79' lang='lat' dir='ltr'>regno</span> <span class='ocrx_word' id='word_1_147' title='bbox 1127 2072 1289 2132; x_wconf 82' lang='lat' dir='ltr'>Navarrae¹</span> <span class='ocrx_word' id='word_1_148' title='bbox 1316 2078 1355 2129; x_wconf 91' lang='lat' dir='ltr'>aut</span> 
     </span>
     <span class='ocr_line' id='line_1_18' title="bbox 216 2173 1354 2250; baseline -0.002 -16"><span class='ocrx_word' id='word_1_149' title='bbox 216 2177 252 2235; x_wconf 88' lang='lat' dir='ltr'>de</span> <span class='ocrx_word' id='word_1_150' title='bbox 273 2182 356 2250; x_wconf 86' lang='lat' dir='ltr'>parte</span> <span class='ocrx_word' id='word_1_151' title='bbox 378 2177 459 2249; x_wconf 87' lang='lat' dir='ltr'>ejns,</span> <span class='ocrx_word' id='word_1_152' title='bbox 491 2176 540 2247; x_wconf 84' lang='lat' dir='ltr'>nui</span> <span class='ocrx_word' id='word_1_153' title='bbox 568 2175 699 2246; x_wconf 82' lang='lat' dir='ltr'>legatum</span> <span class='ocrx_word' id='word_1_154' title='bbox 726 2173 802 2232; x_wconf 90' lang='lat' dir='ltr'>misit</span> <span class='ocrx_word' id='word_1_155' title='bbox 831 2191 865 2232; x_wconf 89' lang='lat' dir='ltr'>en</span> <span class='ocrx_word' id='word_1_156' title='bbox 892 2173 927 2232; x_wconf 88' lang='lat' dir='ltr'>de</span> <span class='ocrx_word' id='word_1_157' title='bbox 956 2192 988 2234; x_wconf 90' lang='lat' dir='ltr'>re</span> <span class='ocrx_word' id='word_1_158' title='bbox 1009 2176 1172 2250; x_wconf 88' lang='lat' dir='ltr'>quempiam</span> <span class='ocrx_word' id='word_1_159' title='bbox 1194 2177 1354 2248; x_wconf 86' lang='lat' dir='ltr'>episcopum.</span> 
     </span>
     <span class='ocr_line' id='line_1_19' title="bbox 216 2279 1354 2354; baseline -0.005 -14"><span class='ocrx_word' id='word_1_160' title='bbox 216 2281 309 2340; x_wconf 85' lang='lat' dir='ltr'>Deum</span> <span class='ocrx_word' id='word_1_161' title='bbox 329 2281 536 2350; x_wconf 82' lang='lat' dir='ltr'>immortalem,</span> <span class='ocrx_word' id='word_1_162' title='bbox 564 2279 632 2352; x_wconf 90' lang='lat' dir='ltr'>quid</span> <span class='ocrx_word' id='word_1_163' title='bbox 654 2279 792 2338; x_wconf 73' lang='lat' dir='ltr'>Navarra</span> <span class='ocrx_word' id='word_1_164' title='bbox 817 2281 879 2352; x_wconf 80' lang='lat' dir='ltr'>regi</span> <span class='ocrx_word' id='word_1_165' title='bbox 905 2296 968 2338; x_wconf 90' lang='lat' dir='ltr'>cum</span> <span class='ocrx_word' id='word_1_166' title='bbox 989 2280 1088 2354; x_wconf 83' lang='lat' dir='ltr'>Papa?</span> <span class='ocrx_word' id='word_1_167' title='bbox 1130 2279 1190 2340; x_wconf 85' lang='lat' dir='ltr'>Gur</span> <span class='ocrx_word' id='word_1_168' title='bbox 1211 2299 1267 2340; x_wconf 93' lang='lat' dir='ltr'>non</span> <span class='ocrx_word' id='word_1_169' title='bbox 1286 2281 1354 2340; x_wconf 89' lang='lat' dir='ltr'>illurn</span> 
     </span>
     <span class='ocr_line' id='line_1_20' title="bbox 215 2383 1353 2458; baseline -0.003 -13"><span class='ocrx_word' id='word_1_170' title='bbox 215 2385 322 2446; x_wconf 85' lang='lat' dir='ltr'>excitat</span> <span class='ocrx_word' id='word_1_171' title='bbox 341 2385 468 2458; x_wconf 82' lang='lat' dir='ltr'>aliquis?</span> <span class='ocrx_word' id='word_1_172' title='bbox 508 2384 609 2444; x_wconf 89' lang='lat' dir='ltr'>Metuo</span> <span class='ocrx_word' id='word_1_173' title='bbox 631 2383 771 2457; x_wconf 87' lang='lat' dir='ltr'>prolecto,</span> <span class='ocrx_word' id='word_1_174' title='bbox 793 2402 838 2456; x_wconf 90' lang='lat' dir='ltr'>ne,</span> <span class='ocrx_word' id='word_1_175' title='bbox 860 2402 923 2444; x_wconf 91' lang='lat' dir='ltr'>oum</span> <span class='ocrx_word' id='word_1_176' title='bbox 944 2403 961 2442; x_wconf 93' lang='lat' dir='ltr'>a</span> <span class='ocrx_word' id='word_1_177' title='bbox 981 2385 1061 2457; x_wconf 90' lang='lat' dir='ltr'>Papa</span> <span class='ocrx_word' id='word_1_178' title='bbox 1080 2386 1217 2457; x_wconf 87' lang='lat' dir='ltr'>pendeat,</span> <span class='ocrx_word' id='word_1_179' title='bbox 1239 2403 1292 2446; x_wconf 91' lang='lat' dir='ltr'>non</span> <span class='ocrx_word' id='word_1_180' title='bbox 1312 2401 1353 2444; x_wconf 88' lang='lat' dir='ltr'>an·</span> 
     </span>
     <span class='ocr_line' id='line_1_21' title="bbox 217 2488 1411 2562; baseline 0.002 -14"><span class='ocrx_word' id='word_1_181' title='bbox 217 2489 285 2548; x_wconf 89' lang='lat' dir='ltr'>deat</span> <span class='ocrx_word' id='word_1_182' title='bbox 306 2490 383 2552; x_wconf 87' lang='lat' dir='ltr'>serio</span> <span class='ocrx_word' id='word_1_183' title='bbox 404 2507 456 2562; x_wconf 88' lang='lat' dir='ltr'>pro</span> <span class='ocrx_word' id='word_1_184' title='bbox 475 2488 595 2552; x_wconf 77' lang='lat' dir='ltr'>,Christo</span> <span class='ocrx_word' id='word_1_185' title='bbox 616 2506 714 2562; x_wconf 82' lang='lat' dir='ltr'>agere.</span> <span class='ocrx_word' id='word_1_186' title='bbox 1200 2551 1206 2557; x_wconf 71' lang='grc'>,</span> <span class='ocrx_word' id='word_1_187' title='bbox 1410 2535 1411 2550; x_wconf 68' lang='lat'>,</span> 
     </span>
     <span class='ocr_line' id='line_1_22' title="bbox 224 2555 1411 2686; baseline -0.001 -32"><span class='ocrx_word' id='word_1_188' title='bbox 224 2634 229 2640; x_wconf 89' lang='lat'><em>-</em></span> <span class='ocrx_word' id='word_1_189' title='bbox 295 2595 407 2654; x_wconf 84' lang='lat' dir='ltr'>Jcsuita</span> <span class='ocrx_word' id='word_1_190' title='bbox 433 2594 550 2668; x_wconf 89' lang='lat' dir='ltr'>quidam</span> <span class='ocrx_word' id='word_1_191' title='bbox 577 2601 642 2654; x_wconf 88' lang='lat' dir='ltr'>crat</span> <span class='ocrx_word' id='word_1_192' title='bbox 662 2593 755 2654; x_wconf 87' lang='lat' dir='ltr'>factus</span> <span class='ocrx_word' id='word_1_193' title='bbox 775 2597 804 2654; x_wconf 90' lang='lat' dir='ltr'>in</span> <span class='ocrx_word' id='word_1_194' title='bbox 825 2595 923 2670; x_wconf 89' lang='lat' dir='ltr'>aliquo</span> <span class='ocrx_word' id='word_1_195' title='bbox 944 2597 1119 2656; x_wconf 90' lang='lat' dir='ltr'>monasterio</span> <span class='ocrx_word' id='word_1_196' title='bbox 1140 2597 1273 2686; x_wconf 82' lang='lat' dir='ltr'>Venetiis</span> <span class='ocrx_word' id='word_1_197' title='bbox 1291 2612 1355 2668; x_wconf 82' lang='lat' dir='ltr'>pra·</span> <span class='ocrx_word' id='word_1_198' title='bbox 1409 2555 1411 2640; x_wconf 63' lang='lat' dir='ltr'>l</span> 
     </span>
     <span class='ocr_line' id='line_1_23' title="bbox 216 2697 1411 2774; baseline -0.003 -14"><span class='ocrx_word' id='word_1_199' title='bbox 216 2699 324 2774; x_wconf 87' lang='lat' dir='ltr'>iectns;</span> <span class='ocrx_word' id='word_1_200' title='bbox 346 2715 410 2760; x_wconf 89' lang='lat' dir='ltr'>cnm</span> <span class='ocrx_word' id='word_1_201' title='bbox 430 2715 498 2758; x_wconf 87' lang='lat' dir='ltr'>varo</span> <span class='ocrx_word' id='word_1_202' title='bbox 520 2697 634 2758; x_wconf 88' lang='lat' dir='ltr'>audiret</span> <span class='ocrx_word' id='word_1_203' title='bbox 654 2697 857 2771; x_wconf 75' lang='lat' dir='ltr'>confessionne,</span> <span class='ocrx_word' id='word_1_204' title='bbox 879 2700 1031 2772; x_wconf 87' lang='lat' dir='ltr'>persuasit,</span> <span class='ocrx_word' id='word_1_205' title='bbox 1052 2717 1115 2764; x_wconf 88' lang='lat' dir='ltr'>esse</span> <span class='ocrx_word' id='word_1_206' title='bbox 1128 2701 1310 2774; x_wconf 87' lang='lat' dir='ltr'>peccandum,</span> <span class='ocrx_word' id='word_1_207' title='bbox 1330 2707 1355 2756; x_wconf 91' lang='lat' dir='ltr'>nt</span> <span class='ocrx_word' id='word_1_208' title='bbox 1410 2707 1411 2736; x_wconf 64' lang='lat' dir='ltr'>l</span> 
     </span>
     <span class='ocr_line' id='line_1_24' title="bbox 216 2803 1355 2880; baseline -0.002 -16"><span class='ocrx_word' id='word_1_209' title='bbox 216 2805 336 2866; x_wconf 75' lang='lat' dir='ltr'>daramr</span> <span class='ocrx_word' id='word_1_210' title='bbox 356 2805 468 2864; x_wconf 85' lang='lat' dir='ltr'>occasio</span> <span class='ocrx_word' id='word_1_211' title='bbox 489 2803 676 2876; x_wconf 78' lang='lat' dir='ltr'>poenitentiae,</span> <span class='ocrx_word' id='word_1_212' title='bbox 698 2804 828 2875; x_wconf 87' lang='lat' dir='ltr'>peccavit</span> <span class='ocrx_word' id='word_1_213' title='bbox 848 2803 942 2878; x_wconf 90' lang='lat' dir='ltr'>(salvo</span> <span class='ocrx_word' id='word_1_214' title='bbox 964 2803 1086 2880; x_wconf 85' lang='lat' dir='ltr'>bonore)</span> <span class='ocrx_word' id='word_1_215' title='bbox 1101 2821 1171 2864; x_wconf 88' lang='lat' dir='ltr'>sane</span> <span class='ocrx_word' id='word_1_216' title='bbox 1184 2823 1249 2864; x_wconf 88' lang='lat' dir='ltr'>cum</span> <span class='ocrx_word' id='word_1_217' title='bbox 1261 2805 1355 2874; x_wconf 88' lang='lat' dir='ltr'>multis,</span> 
     </span>
     <span class='ocr_line' id='line_1_25' title="bbox 215 2907 1356 2984; baseline -0.001 -16"><span class='ocrx_word' id='word_1_218' title='bbox 215 2909 339 2970; x_wconf 77' lang='lat' dir='ltr'>redona</span> <span class='ocrx_word' id='word_1_219' title='bbox 359 2915 427 2968; x_wconf 92' lang='lat' dir='ltr'>snut</span> <span class='ocrx_word' id='word_1_220' title='bbox 446 2908 573 2984; x_wconf 76' lang='lat' dir='ltr'>gravidae</span> <span class='ocrx_word' id='word_1_221' title='bbox 594 2908 714 2982; x_wconf 84' lang='lat' dir='ltr'>aliquot,</span> <span class='ocrx_word' id='word_1_222' title='bbox 735 2907 880 2968; x_wconf 85' lang='lat' dir='ltr'>iaciebant</span> <span class='ocrx_word' id='word_1_223' title='bbox 900 2909 1071 2980; x_wconf 89' lang='lat' dir='ltr'>abortivum,</span> <span class='ocrx_word' id='word_1_224' title='bbox 1092 2910 1210 2968; x_wconf 87' lang='lat' dir='ltr'>reddito</span> <span class='ocrx_word' id='word_1_225' title='bbox 1225 2928 1242 2970; x_wconf 84' lang='lat' dir='ltr'>a</span> <span class='ocrx_word' id='word_1_226' title='bbox 1255 2909 1356 2970; x_wconf 88' lang='lat' dir='ltr'>Jcsuitn</span> 
     </span>
     <span class='ocr_line' id='line_1_26' title="bbox 217 3013 1354 3088; baseline -0.004 -14"><span class='ocrx_word' id='word_1_227' title='bbox 217 3015 340 3088; x_wconf 87' lang='lat' dir='ltr'>quodam</span> <span class='ocrx_word' id='word_1_228' title='bbox 360 3013 490 3087; x_wconf 86' lang='lat' dir='ltr'>pulvere,</span> <span class='ocrx_word' id='word_1_229' title='bbox 511 3020 562 3073; x_wconf 93' lang='lat' dir='ltr'>aut</span> <span class='ocrx_word' id='word_1_230' title='bbox 582 3015 605 3072; x_wconf 89' lang='lat' dir='ltr'>si</span> <span class='ocrx_word' id='word_1_231' title='bbox 627 3015 676 3087; x_wconf 90' lang='lat' dir='ltr'>qui</span> <span class='ocrx_word' id='word_1_232' title='bbox 698 3013 889 3073; x_wconf 84' lang='lat' dir='ltr'>nascebantur</span> <span class='ocrx_word' id='word_1_233' title='bbox 908 3013 1052 3083; x_wconf 83' lang='lat' dir='ltr'>infantuli,</span> <span class='ocrx_word' id='word_1_234' title='bbox 1074 3015 1209 3074; x_wconf 89' lang='lat' dir='ltr'>solebant</span> <span class='ocrx_word' id='word_1_235' title='bbox 1226 3013 1354 3073; x_wconf 80' lang='lat' dir='ltr'>suffocari.</span> 
     </span>
     <span class='ocr_line' id='line_1_27' title="bbox 219 3117 1353 3191; baseline -0.002 -15"><span class='ocrx_word' id='word_1_236' title='bbox 219 3119 342 3177; x_wconf 85' lang='lat' dir='ltr'>Senatus</span> <span class='ocrx_word' id='word_1_237' title='bbox 364 3119 493 3178; x_wconf 86' lang='lat' dir='ltr'>Venetus</span> <span class='ocrx_word' id='word_1_238' title='bbox 521 3134 553 3176; x_wconf 83' lang='lat' dir='ltr'>rc</span> <span class='ocrx_word' id='word_1_239' title='bbox 581 3117 730 3176; x_wconf 86' lang='lat' dir='ltr'>intellecta</span> <span class='ocrx_word' id='word_1_240' title='bbox 758 3133 814 3176; x_wconf 90' lang='lat' dir='ltr'>non</span> <span class='ocrx_word' id='word_1_241' title='bbox 845 3118 882 3176; x_wconf 89' lang='lat' dir='ltr'>ad</span> <span class='ocrx_word' id='word_1_242' title='bbox 904 3118 1116 3178; x_wconf 87' lang='lat' dir='ltr'>ecclesiasticos</span> <span class='ocrx_word' id='word_1_243' title='bbox 1137 3121 1260 3191; x_wconf 86' lang='lat' dir='ltr'>remisit,</span> <span class='ocrx_word' id='word_1_244' title='bbox 1287 3118 1353 3191; x_wconf 85' lang='lat' dir='ltr'>quod</span> 
     </span>
     <span class='ocr_line' id='line_1_28' title="bbox 219 3215 1354 3295; baseline -0.004 -13"><span class='ocrx_word' id='word_1_245' title='bbox 219 3223 302 3289; x_wconf 91' lang='lat' dir='ltr'>solet,</span> <span class='ocrx_word' id='word_1_246' title='bbox 324 3240 387 3280; x_wconf 91' lang='lat' dir='ltr'>cnm</span> <span class='ocrx_word' id='word_1_247' title='bbox 409 3238 491 3280; x_wconf 89' lang='lat' dir='ltr'>rasus</span> <span class='ocrx_word' id='word_1_248' title='bbox 513 3227 543 3282; x_wconf 88' lang='lat' dir='ltr'>ct</span> <span class='ocrx_word' id='word_1_249' title='bbox 564 3225 837 3294; x_wconf 89' lang='lat' dir='ltr'>unctusaocusatur,</span> <span class='ocrx_word' id='word_1_250' title='bbox 859 3222 909 3280; x_wconf 87' lang='lat' dir='ltr'>sed</span> <span class='ocrx_word' id='word_1_251' title='bbox 931 3215 1354 3295; x_wconf 82' lang='lat' dir='ltr'>ipsemetsenatnssententiam</span> 
     </span>
     <span class='ocr_line' id='line_1_29' title="bbox 220 3323 1354 3395; baseline -0.002 -11"><span class='ocrx_word' id='word_1_252' title='bbox 220 3327 306 3395; x_wconf 89' lang='lat' dir='ltr'>tulit,</span> <span class='ocrx_word' id='word_1_253' title='bbox 336 3332 369 3387; x_wconf 91' lang='lat' dir='ltr'>ut</span> <span class='ocrx_word' id='word_1_254' title='bbox 395 3326 505 3386; x_wconf 84' lang='lat' dir='ltr'>scilicet</span> <span class='ocrx_word' id='word_1_255' title='bbox 526 3326 743 3386; x_wconf 83' lang='lat' dir='ltr'>combureretur</span> <span class='ocrx_word' id='word_1_256' title='bbox 764 3331 853 3386; x_wconf 86' lang='lat' dir='ltr'>recta.</span> <span class='ocrx_word' id='word_1_257' title='bbox 894 3327 920 3384; x_wconf 93' lang='lat' dir='ltr'>Ii</span> <span class='ocrx_word' id='word_1_258' title='bbox 940 3332 1006 3385; x_wconf 89' lang='lat' dir='ltr'>sunt</span> <span class='ocrx_word' id='word_1_259' title='bbox 1025 3343 1094 3384; x_wconf 89' lang='lat' dir='ltr'>vere</span> <span class='ocrx_word' id='word_1_260' title='bbox 1116 3327 1246 3386; x_wconf 87' lang='lat' dir='ltr'>baeretioi</span> <span class='ocrx_word' id='word_1_261' title='bbox 1266 3332 1291 3384; x_wconf 89' lang='lat' dir='ltr'>et</span> <span class='ocrx_word' id='word_1_262' title='bbox 1309 3323 1354 3382; x_wconf 84' lang='lat' dir='ltr'>tia·</span> 
     </span>
     <span class='ocr_line' id='line_1_30' title="bbox 220 3431 825 3506; baseline -0.002 -18"><span class='ocrx_word' id='word_1_263' title='bbox 220 3431 397 3506; x_wconf 78' lang='lat' dir='ltr'>gitiosissimi</span> <span class='ocrx_word' id='word_1_264' title='bbox 416 3431 545 3502; x_wconf 79' lang='lat' dir='ltr'>lesuitae,</span> <span class='ocrx_word' id='word_1_265' title='bbox 568 3437 600 3490; x_wconf 91' lang='lat' dir='ltr'>ut</span> <span class='ocrx_word' id='word_1_266' title='bbox 621 3437 665 3489; x_wconf 86' lang='lat' dir='ltr'>est</span> <span class='ocrx_word' id='word_1_267' title='bbox 687 3431 825 3490; x_wconf 83' lang='lat' dir='ltr'>Caninius.</span> 
     </span>
    </p>

    <p class='ocr_par' dir='ltr' id='par_1_8' title="bbox 213 3531 1410 3817">
     <span class='ocr_line' id='line_1_31' title="bbox 295 3531 1354 3610; baseline 0.001 -20"><span class='ocrx_word' id='word_1_268' title='bbox 295 3532 358 3600; x_wconf 81' lang='lat' dir='ltr'>Nec</span> <span class='ocrx_word' id='word_1_269' title='bbox 377 3533 462 3605; x_wconf 89' lang='lat' dir='ltr'>plura</span> <span class='ocrx_word' id='word_1_270' title='bbox 480 3531 510 3590; x_wconf 93' lang='lat' dir='ltr'>in</span> <span class='ocrx_word' id='word_1_271' title='bbox 531 3532 602 3590; x_wconf 90' lang='lat' dir='ltr'>meis</span> <span class='ocrx_word' id='word_1_272' title='bbox 626 3533 732 3592; x_wconf 88' lang='lat' dir='ltr'>litteris</span> <span class='ocrx_word' id='word_1_273' title='bbox 762 3533 975 3604; x_wconf 83' lang='lat' dir='ltr'>significantur,</span> <span class='ocrx_word' id='word_1_274' title='bbox 1007 3551 1079 3607; x_wconf 88' lang='lat' dir='ltr'>quas</span> <span class='ocrx_word' id='word_1_275' title='bbox 1105 3538 1166 3596; x_wconf 88' lang='lat' dir='ltr'>scio</span> <span class='ocrx_word' id='word_1_276' title='bbox 1194 3555 1212 3596; x_wconf 88' lang='lat' dir='ltr'>n</span> <span class='ocrx_word' id='word_1_277' title='bbox 1239 3535 1354 3610; x_wconf 85' lang='lat' dir='ltr'>probatis</span> 
     </span>
     <span class='ocr_line' id='line_1_32' title="bbox 217 3634 1410 3716; baseline 0.003 -22"><span class='ocrx_word' id='word_1_278' title='bbox 217 3638 285 3694; x_wconf 89' lang='lat' dir='ltr'>viris</span> <span class='ocrx_word' id='word_1_279' title='bbox 306 3642 336 3696; x_wconf 88' lang='lat' dir='ltr'>et</span> <span class='ocrx_word' id='word_1_280' title='bbox 356 3651 432 3694; x_wconf 84' lang='lat' dir='ltr'>verae</span> <span class='ocrx_word' id='word_1_281' title='bbox 452 3634 520 3695; x_wconf 88' lang='lat' dir='ltr'>fidoi</span> <span class='ocrx_word' id='word_1_282' title='bbox 540 3637 609 3694; x_wconf 93' lang='lat' dir='ltr'>mibi</span> <span class='ocrx_word' id='word_1_283' title='bbox 631 3635 719 3696; x_wconf 89' lang='lat' dir='ltr'>luisse</span> <span class='ocrx_word' id='word_1_284' title='bbox 741 3638 926 3711; x_wconf 84' lang='lat' dir='ltr'>conscriptas,</span> <span class='ocrx_word' id='word_1_285' title='bbox 949 3647 979 3697; x_wconf 89' lang='lat' dir='ltr'>et</span> <span class='ocrx_word' id='word_1_286' title='bbox 991 3645 1112 3711; x_wconf 89' lang='lat' dir='ltr'>possunt</span> <span class='ocrx_word' id='word_1_287' title='bbox 1125 3639 1263 3701; x_wconf 87' lang='lat' dir='ltr'>affirmari</span> <span class='ocrx_word' id='word_1_288' title='bbox 1282 3641 1353 3716; x_wconf 86' lang='lat' dir='ltr'>(meo</span> <span class='ocrx_word' id='word_1_289' title='bbox 1409 3681 1410 3690; x_wconf 34' lang='grc' dir='ltr'>ι</span> 
     </span>
     <span class='ocr_line' id='line_1_33' title="bbox 213 3737 1410 3817; baseline -0.001 -17"><span class='ocrx_word' id='word_1_290' title='bbox 213 3741 343 3817; x_wconf 88' lang='lat' dir='ltr'>judicio)</span> <span class='ocrx_word' id='word_1_291' title='bbox 362 3757 416 3815; x_wconf 90' lang='lat' dir='ltr'>pro</span> <span class='ocrx_word' id='word_1_292' title='bbox 438 3741 522 3799; x_wconf 90' lang='lat' dir='ltr'>veris.</span> <span class='ocrx_word' id='word_1_293' title='bbox 1409 3737 1410 3756; x_wconf 70' lang='lat'>³</span> 
     </span>
    </p>

    <p class='ocr_par' dir='ltr' id='par_1_9' title="bbox 296 3845 1353 3910">
     <span class='ocr_line' id='line_1_34' title="bbox 296 3845 1353 3910; baseline 0 -6"><span class='ocrx_word' id='word_1_294' title='bbox 296 3845 470 3905; x_wconf 80' lang='lat' dir='ltr'>Commendo</span> <span class='ocrx_word' id='word_1_295' title='bbox 490 3863 536 3904; x_wconf 90' lang='lat' dir='ltr'>me</span> <span class='ocrx_word' id='word_1_296' title='bbox 557 3854 725 3906; x_wconf 86' lang='lat' dir='ltr'>reverenter</span> <span class='ocrx_word' id='word_1_297' title='bbox 738 3849 849 3906; x_wconf 84' lang='lat' dir='ltr'>Vestrae</span> <span class='ocrx_word' id='word_1_298' title='bbox 869 3849 1073 3908; x_wconf 85' lang='lat' dir='ltr'>illustrissimae</span> <span class='ocrx_word' id='word_1_299' title='bbox 1087 3849 1265 3910; x_wconf 83' lang='lat' dir='ltr'>Oelsitndini.</span> <span class='ocrx_word' id='word_1_300' title='bbox 1292 3846 1353 3904; x_wconf 76' lang='lat' dir='ltr'>cn-</span> 
     </span>
    </p>

    <p class='ocr_par' dir='ltr' id='par_1_10' title="bbox 785 3988 799 4020">
     <span class='ocr_line' id='line_1_35' title="bbox 785 3988 799 4020; baseline 0 0"><span class='ocrx_word' id='word_1_301' title='bbox 785 3988 799 4020; x_wconf 85' lang='grc'>*</span> 
     </span>
    </p>
   </div>
   <div class='ocr_carea' id='block_1_5' title="bbox 216 4113 1350 4446">
    <p class='ocr_par' dir='ltr' id='par_1_11' title="bbox 216 4113 1350 4446">
     <span class='ocr_line' id='line_1_36' title="bbox 291 4113 1350 4188; baseline -0.001 -19"><span class='ocrx_word' id='word_1_302' title='bbox 291 4117 302 4169; x_wconf 91' lang='lat' dir='ltr'>l</span> <span class='ocrx_word' id='word_1_303' title='bbox 323 4114 350 4170; x_wconf 82' lang='lat' dir='ltr'>S.</span> <span class='ocrx_word' id='word_1_304' title='bbox 369 4133 397 4170; x_wconf 88' lang='lat' dir='ltr'>n.</span> <span class='ocrx_word' id='word_1_305' title='bbox 418 4115 477 4170; x_wconf 89' lang='grc'><strong>107.</strong></span> <span class='ocrx_word' id='word_1_306' title='bbox 498 4117 555 4170; x_wconf 78' lang='lat'>142.</span> <span class='ocrx_word' id='word_1_307' title='bbox 588 4115 697 4170; x_wconf 77' lang='lat' dir='ltr'>Geroda</span> <span class='ocrx_word' id='word_1_308' title='bbox 716 4115 761 4174; x_wconf 87' lang='lat' dir='ltr'>die</span> <span class='ocrx_word' id='word_1_309' title='bbox 781 4117 1015 4188; x_wconf 82' lang='lat' dir='ltr'>verbaadlungen</span> <span class='ocrx_word' id='word_1_310' title='bbox 1034 4118 1104 4174; x_wconf 83' lang='lat' dir='ltr'>iiber</span> <span class='ocrx_word' id='word_1_311' title='bbox 1122 4119 1182 4174; x_wconf 88' lang='lat' dir='ltr'>sein</span> <span class='ocrx_word' id='word_1_312' title='bbox 1199 4113 1350 4186; x_wconf 74' lang='lat' dir='ltr'>kdaigraieb</span> 
     </span>
     <span class='ocr_line' id='line_1_37' title="bbox 216 4199 1350 4274; baseline -0.005 -16"><span class='ocrx_word' id='word_1_313' title='bbox 216 4202 332 4258; x_wconf 83' lang='lat' dir='ltr'>iiibrten</span> <span class='ocrx_word' id='word_1_314' title='bbox 352 4203 446 4258; x_wconf 81' lang='lat' dir='ltr'>Aulon</span> <span class='ocrx_word' id='word_1_315' title='bbox 466 4202 568 4258; x_wconf 86' lang='lat' dir='ltr'>wieder</span> <span class='ocrx_word' id='word_1_316' title='bbox 593 4221 665 4274; x_wconf 84' lang='lat' dir='ltr'>gana</span> <span class='ocrx_word' id='word_1_317' title='bbox 691 4203 741 4258; x_wconf 89' lang='lat' dir='ltr'>auf</span> <span class='ocrx_word' id='word_1_318' title='bbox 764 4203 809 4258; x_wconf 87' lang='lat' dir='ltr'>die</span> <span class='ocrx_word' id='word_1_319' title='bbox 834 4204 1011 4260; x_wconf 83' lang='lat' dir='ltr'>katholisebe</span> <span class='ocrx_word' id='word_1_320' title='bbox 1037 4205 1120 4272; x_wconf 86' lang='lat' dir='ltr'>seite;</span> <span class='ocrx_word' id='word_1_321' title='bbox 1150 4205 1194 4261; x_wconf 87' lang='lat' dir='ltr'>die</span> <span class='ocrx_word' id='word_1_322' title='bbox 1219 4199 1350 4270; x_wconf 72' lang='lat' dir='ltr'>riickgeba</span> 
     </span>
     <span class='ocr_line' id='line_1_38' title="bbox 216 4286 1349 4364; baseline -0.001 -22"><span class='ocrx_word' id='word_1_323' title='bbox 216 4287 361 4344; x_wconf 87' lang='lat' dir='ltr'>desselben</span> <span class='ocrx_word' id='word_1_324' title='bbox 375 4307 433 4364; x_wconf 85' lang='lat' dir='ltr'>vvar</span> <span class='ocrx_word' id='word_1_325' title='bbox 453 4289 497 4344; x_wconf 90' lang='lat' dir='ltr'>die</span> <span class='ocrx_word' id='word_1_326' title='bbox 517 4289 679 4360; x_wconf 86' lang='lat' dir='ltr'>lookspeise,</span> <span class='ocrx_word' id='word_1_327' title='bbox 699 4291 804 4346; x_wconf 85' lang='lat' dir='ltr'>welche</span> <span class='ocrx_word' id='word_1_328' title='bbox 819 4292 888 4346; x_wconf 81' lang='lat' dir='ltr'>Rom</span> <span class='ocrx_word' id='word_1_329' title='bbox 903 4293 960 4346; x_wconf 90' lang='lat' dir='ltr'>und</span> <span class='ocrx_word' id='word_1_330' title='bbox 973 4291 1096 4362; x_wconf 77' lang='lat' dir='ltr'>Spaniam</span> <span class='ocrx_word' id='word_1_331' title='bbox 1117 4294 1180 4348; x_wconf 91' lang='lat' dir='ltr'>dem</span> <span class='ocrx_word' id='word_1_332' title='bbox 1197 4286 1349 4358; x_wconf 71' lang='lat' dir='ltr'>loiohtgltu-</span> 
     </span>
     <span class='ocr_line' id='line_1_39' title="bbox 217 4375 739 4446; baseline 0.006 -17"><span class='ocrx_word' id='word_1_333' title='bbox 217 4375 303 4446; x_wconf 78' lang='lat' dir='ltr'>bigen</span> <span class='ocrx_word' id='word_1_334' title='bbox 322 4376 467 4434; x_wconf 84' lang='lat' dir='ltr'>herrscber</span> <span class='ocrx_word' id='word_1_335' title='bbox 485 4379 554 4434; x_wconf 82' lang='lat' dir='ltr'>stete</span> <span class='ocrx_word' id='word_1_336' title='bbox 573 4377 739 4434; x_wconf 87' lang='lat' dir='ltr'>vorbielten.</span> 
     </span>
    </p>
   </div>
   <div class='ocr_carea' id='block_1_6' title="bbox 0 0 1425 5072">
    <p class='ocr_par' dir='ltr' id='par_1_12' title="bbox 0 0 1425 5072">
     <span class='ocr_line' id='line_1_40' title="bbox 0 0 1425 5072; baseline 0 0"><span class='ocrx_word' id='word_1_337' title='bbox 0 0 1425 5072; x_wconf 95' lang='lat' dir='ltr'> </span> 
     </span>
    </p>
   </div>
  </div>
 </body>
</html>
