2830 5072
57 351 108 408 itti

54 525 150 600 mentia)
175 541 216 584 me
246 525 352 584 litteris
382 542 518 620 monere,
552 525 620 582 milri
652 517 723 596 opus
754 539 816 582 esse
848 523 986 598 ampliore
1017 524 1170 597 lavatione,

52 631 151 687 sustinui
172 647 257 704 usqne
279 630 313 690 od
337 647 486 690 nurrrerom
513 633 566 688 130
587 630 735 702 lrorarum,
766 645 829 704 quae
853 630 922 688 milri
943 630 1078 688 videntur
1097 647 1169 690 nreee

51 734 213 804 complexioni
235 732 377 794 sulficere.
420 734 596 794 Debilitatus
625 735 701 792 enim
729 751 790 792 sum
812 733 972 792 mirandum
993 735 1022 794 in
1044 734 1167 806 modum,

51 845 238 912 nuperumque
259 839 289 898 in
309 845 392 916 parte
415 839 532 898 sinistra
554 846 665 898 tautum
687 839 762 914 (euru
783 843 880 898 tumen
901 837 1029 898 laborem
1050 840 1079 898 in
1100 839 1169 896 dcx-

50 943 109 1019 terc)
133 945 224 1016 signa,
256 961 320 1018 quse
348 943 507 1004 ostendunt
533 943 590 1002 uim
622 943 710 1018 ipsius
738 960 830 1018 aquae.
871 945 903 1004 ln
925 961 1035 1030 summa
1055 943 1170 1004 videtur

49 1049 103 1106 milri
121 1047 262 1120 profuisse,
284 1050 431 1109 stomacho
452 1049 599 1122 imprimis.
631 1049 696 1110 Bibi
714 1050 801 1108 etiam
822 1048 952 1122 quotidie
973 1049 1068 1124 sesqui
1089 1065 1168 1108 men·

48 1169 132 1210 suram.
170 1153 319 1212 Discedam
350 1171 413 1212 cros
440 1171 524 1212 mane
552 1160 582 1214 et
602 1152 762 1228 Tabinganr
789 1154 836 1214 ibo
865 1153 902 1210 tsi
924 1153 1003 1212 Ileus
1031 1131 1169 1229 noluerit)

47 1254 77 1312 ibi
100 1255 186 1314 statim
218 1255 293 1314 dabo
322 1256 529 1326 describenda,
563 1275 626 1332 quse
652 1259 682 1316 in
709 1257 791 1332 aquis
818 1256 854 1314 de
882 1257 1025 1316 coneilio¹
1053 1256 1167 1326 dictavi,

45 1359 188 1434 mittamque
209 1367 260 1420 aut
281 1358 371 1418 ieram
388 1368 502 1434 egomet
514 1361 550 1420 ad
564 1362 697 1420 Vostrum
714 1361 938 1420 illustrissimam
952 1360 1167 1421 Celsitudinem.

46 1462 127 1535 Spero,
145 1481 186 1522 me
207 1482 264 1524 non
284 1464 415 1524 inutilem
437 1481 552 1538 operam
575 1479 703 1524 tranasse.
734 1465 877 1536 Incipiens
898 1467 975 1525 enim
989 1482 1006 1524 a
1019 1465 1167 1526 Clemente

45 1569 85 1626 llll
103 1571 205 1643 collegi,
228 1571 296 1644 quid
318 1570 423 1644 reliqui
445 1587 526 1644 papae
547 1572 659 1644 egerint
680 1571 709 1628 in
732 1586 817 1628 eausa
834 1569 957 1638 concilii,
978 1575 1009 1628 et
1024 1570 1167 1632 declarari

44 1673 114 1730 etium
132 1675 268 1747 quadum,
290 1693 353 1748 quac
374 1675 546 1734 videbantur·
567 1675 734 1734 obscuriora
754 1675 806 1746 iris,
828 1677 876 1749 qui
891 1691 938 1735 res
951 1675 1095 1736 Romanas
1112 1693 1168 1735 nun

44 1781 224 1838 nonerunt-ita
245 1779 440 1850 familiariter;
462 1779 588 1840 futurum
610 1786 708 1840 autern
729 1781 861 1838 existimo
883 1779 1028 1854 stupidum
1041 1787 1071 1840 et
1085 1781 1168 1840 valde

43 1881 140 1953 crudem,
161 1885 207 1957 qui
229 1901 285 1942 mon
307 1883 383 1942 inter
404 1883 558 1958 legendum
579 1885 743 1958 agnoverit,
769 1885 838 1944 istos
860 1883 1043 1943 nrrtichristos
1064 1886 1166 1944 lusisse

42 2001 90 2042 curn
113 1988 229 2046 concilio
262 1995 291 2044 et
324 1987 449 2046 noluisse
471 2003 572 2046 revera
594 1989 744 2048 ueritatem
765 1987 954 2060 investigare,
982 1989 1032 2046 sed
1053 1990 1166 2064 aliquot

42 2107 177 2150 conuocare
199 2092 357 2166 episcopos,
381 2099 413 2150 ut
434 2093 602 2152 uiderentur
624 2091 773 2152 concilium
796 2093 975 2161 celebrasse,
1007 2099 1038 2152 nt
1059 2093 1167 2154 Casani

41 2193 143 2265 scilieet,
169 2196 286 2268 regibus
308 2201 337 2254 et
358 2195 527 2270 quibusdam
547 2195 724 2270 principibus
745 2197 926 2269 imponerent
948 2202 1166 2270 extorquerent·

39 2316 81 2369 que
100 2301 242 2360 exercitus
264 2317 316 2374 pro
338 2301 509 2358 executione
530 2301 653 2370 conludii,
675 2301 751 2372 quod
774 2318 828 2359 uon
851 2299 1003 2371 iecissent,
1025 2301 1078 2359 nisi
1100 2317 1166 2359 eon-

40 2403 117 2461 silium
137 2406 341 2477 praecessisset.
383 2405 474 2462 Valde
497 2405 595 2480 iniquo
617 2404 712 2464 animo
734 2405 828 2464 l'erent
856 2405 1029 2477 adversarii,
1056 2405 1103 2464 ubi
1127 2407 1166 2463 ni-

38 2507 124 2579 dertnt,
144 2511 204 2569 lraee
218 2509 307 2568 luisse
328 2528 345 2567 a
365 2527 410 2568 me
431 2509 571 2584 prolixius
593 2518 622 2568 et
643 2509 750 2568 elarius
771 2510 924 2583 patefacta,
946 2527 1029 2584 quarn
1050 2509 1086 2569 ab
1108 2511 1166 2568 ullo

37 2627 141 2686 uuquam
160 2614 278 2683 luerint,
300 2616 376 2688 quod
397 2615 466 2673 mihi
486 2616 573 2674 liceat
594 2615 722 2674 modeste
745 2615 860 2674 dixisse.

97 2717 223 2776 Sustinui
245 2718 290 2776 lrie
310 2717 458 2791 aliquanto
479 2719 618 2776 minorem
640 2722 791 2792 sumptum,
814 2737 899 2792 quam
919 2719 948 2778 iu
975 2718 1165 2786 Badeusibns,

37 2819 75 2878 sed
98 2829 190 2882 tamem
220 2823 438 2896 Geppingenses
467 2839 579 2898 quoque
609 2823 772 2882 didicerunt
802 2831 913 2896 partem
939 2823 1043 2882 sedium
1070 2824 1166 2882 locare

36 2925 91 2984 satis
109 2944 183 3000 sare,
206 2930 318 3001 aliquot
338 2927 456 2986 florenis
477 2930 506 2986 in
528 2929 702 3002 septimana,
725 2946 789 2988 cum
810 2930 890 2988 multi
914 2935 943 2988 et
963 2929 1061 3002 plures
1082 2943 1166 3000 qnam

34 3034 103 3089 antea
122 3033 236 3092 soleant
263 3031 420 3104 confluere,
449 3033 500 3091 sed
527 3032 578 3092 liat
602 3034 733 3092 voluntas
757 3033 886 3107 Domini;
917 3049 1011 3108 spero,
1034 3032 1164 3091 Vestram

35 3133 240 3196 illustrissimam
263 3138 470 3197 Celsitodinem
491 3156 546 3196 uon
569 3139 772 3198 derelicturum
794 3155 848 3196 me.
885 3141 957 3206 Nam
977 3141 1047 3198 istos
1070 3145 1165 3198 extra·

34 3239 175 3301 ordinarios
197 3248 343 3314 sumptus,
375 3261 429 3302 nee
450 3261 553 3317 parvos
575 3262 685 3316 reuera,
708 3250 763 3302 non
785 3263 900 3318 possum
921 3244 1014 3313 ferre,
1037 3244 1089 3302 sed
1115 3243 1166 3302 fiat

35 3343 148 3404 voluntas
169 3348 286 3406 Domini
308 3346 387 3423 (dico
408 3347 535 3423 iterum).
578 3347 686 3404 Saltem
708 3364 762 3404 non
791 3347 905 3419 dubito,
935 3348 1001 3421 quin
1030 3353 1095 3420 post
1122 3351 1167 3403 tot

34 3446 130 3510 labores
149 3455 217 3511 vitae
241 3459 327 3526 atque
347 3453 527 3510 incommoda
549 3458 576 3508 et
599 3453 742 3510 eruciatus
769 3453 821 3509 sim
850 3453 976 3525 quietem
1008 3458 1037 3510 et
1065 3467 1164 3524 pacem

34 3549 55 3607 in
73 3557 125 3615 rita
145 3565 258 3618 aeterna
280 3563 498 3624 consecuturus,
528 3567 558 3614 et
585 3557 700 3630 quidem
722 3558 811 3626 brevi,
832 3555 895 3624 luceo
913 3572 959 3613 me
980 3572 1045 3628 spes
1066 3571 1166 3614 conso·

35 3655 98 3716 latur
116 3670 203 3736 atque
226 3669 380 3722 sustentat.
422 3664 538 3722 Interea
558 3663 637 3722 videt
657 3663 747 3720 Pater
768 3663 905 3729 scelestis,
932 3679 976 3720 nre
998 3661 1067 3720 nihil
1088 3661 1166 3718 aliud

33 3759 82 3820 dies
101 3773 257 3840 noctesque
279 3769 426 3840 cogitare,
464 3767 683 3843 (qualiscunque
711 3766 795 3842 sim),
828 3783 910 3838 quarn
932 3767 968 3826 de
990 3768 1053 3840 ejus
1073 3766 1166 3838 gloria

32 3873 226 3943 promovenda,
257 3878 287 3931 et
308 3873 415 3931 nullam
435 3873 542 3932 habere
568 3874 653 3930 aliern
681 3875 872 3944 voluptatem,
903 3872 1008 3930 nullam
1040 3873 1164 3939 ommino,

33 3985 101 4040 squam
123 3977 234 4035 versari
254 3977 282 4034 in
304 3975 362 4048 his,
392 3993 456 4048 quae
478 3977 513 4034 nd
537 3995 602 4035 euru
624 3977 779 4048 pertinent.
821 3976 995 4036 Commendo
1017 3993 1061 4036 rne
1083 3993 1165 4035 rene·

32 4083 116 4136 rentes
135 4081 341 4140 illustrissimae
363 4081 533 4161 Celsitudini
555 4083 676 4140 Vestrae.
718 4081 776 4160 Oro
805 4087 944 4139 aternum
971 4081 1105 4150 Patrem,
1133 4089 1165 4140 ut

31 4177 63 4236 illi
82 4189 109 4242 et
128 4187 182 4244 toti
204 4185 320 4248 familia
348 4191 455 4259 augeat
476 4203 543 4245 suos
563 4187 675 4246 divinos
696 4188 855 4256 thesauros,
876 4187 1008 4260 spiritum
1029 4192 1059 4243 et
1079 4184 1164 4244 fidem

582 4311 597 4344 =l<

90 4399 102 4451 1
121 4400 147 4452 S.
166 4419 193 4455 n.
216 4403 272 4456 128.
