2862 5080
617 375 680 436 415

613 648 681 708 203.

375 775 499 862 Verger
522 797 564 841 en
587 775 707 862 herzog
730 774 915 861 Chrisloph.

459 913 609 985 Tdbingen
630 915 648 971 7
669 913 729 972 Mei
753 917 837 972 1564.

154 1045 295 1102 Berichtet
313 1045 383 1098 tiber
401 1044 456 1100 den
475 1042 566 1114 erlolg
583 1043 675 1098 seiner
693 1042 762 1098 reise
782 1042 856 1098 nach
876 1042 1076 1098 Greubiluden.

154 1160 349 1218 illustrissimo
370 1159 507 1232 Princeps
528 1165 558 1216 et
578 1159 700 1216 Domine
721 1159 843 1216 Domine
864 1159 1111 1217 clementissine!

153 1263 312 1336 Tubingam
332 1266 398 1322 veni
426 1281 478 1336 por
498 1264 555 1324 Dei
574 1263 697 1336 gratiam
724 1265 787 1322 heri
814 1264 937 1336 primurn
965 1269 994 1322 et
1022 1263 1106 1332 veui,
1137 1268 1218 1322 ente·

85 1383 160 1438 quum
180 1367 359 1426 Venturinus
380 1384 459 1426 mous
480 1365 630 1426 familiaris
650 1369 795 1438 rediisset,
816 1365 904 1426 habui
925 1382 991 1426 enm
1012 1366 1124 1424 obviem
1145 1366 1223 1425 eirca

84 1470 230 1544 Bolingam.
261 1472 365 1531 Putaui
379 1479 477 1532 autem
490 1471 721 1543 accelerandum,
742 1471 820 1546 quod
835 1472 982 1544 sentirem,
1003 1489 1049 1531 me
1071 1489 1128 1530 non
1149 1471 1222 1530 bene

84 1575 185 1648 valere,
213 1576 319 1636 deinde
340 1577 397 1641 alia
417 1575 471 1636 luit
491 1593 594 1644 causa,
625 1576 701 1651 quod
722 1575 872 1636 Gallorum
898 1576 1034 1649 legatus¹
1060 1583 1222 1648 monuerat,

84 1695 123 1738 me
142 1697 196 1740 uon
216 1681 326 1740 debere
348 1697 437 1756 usque
458 1681 495 1740 ud
516 1683 637 1742 ioannis
657 1682 687 1738 in
708 1681 822 1740 Rhaetie
843 1688 1021 1756 exspectare.
1064 1681 1158 1742 Causa
1178 1689 1223 1740 est

82 1786 108 1842 in
127 1803 159 1844 eo
179 1792 268 1858 statu,
289 1788 318 1844 in
339 1803 395 1860 quo
416 1789 569 1860 postremis
590 1789 661 1845 meis
681 1784 813 1846 litteris'
832 1787 943 1869 scripsi,
965 1787 1019 1846 lroc
1034 1795 1079 1846 est
1093 1788 1123 1846 iu
1137 1786 1222 1859 bono,

27 1891 29 1896 ’
81 1904 128 1960 per
147 1891 200 1949 Dei
222 1892 356 1964 gratiam,
379 1889 449 1948 nicil
471 1891 547 1948 euim
569 1888 677 1957 dubito.
700 1890 768 1961 quin
790 1887 988 1948 serenissimus
1009 1904 1062 1948 rex
1082 1888 1222 1960 obtineat,

82 2009 139 2064 que
158 1996 247 2067 velit,
277 2001 307 2054 et
328 1997 352 2052 si
373 1993 442 2068 quid
462 1991 572 2065 proieci
593 2009 646 2065 ego
674 2010 739 2052 mea
764 1991 944 2065 profectione
970 1991 1153 2065 initiastis,
1185 1993 1223 2052 sit

80 2096 137 2158 Deo
156 2100 249 2160 lnouor
269 2107 300 2160 et
319 2099 421 2172 gloria,
442 2107 512 2158 sane
533 2105 612 2172 puto,
634 2117 680 2158 nne
700 2097 866 2172 proiecisse.
908 2097 1037 2170 Legatus
1058 2098 1087 2154 in
1113 2112 1223 2156 summe
1268 2101 1271 2108 '

80 2209 157 2274 purat
177 2221 261 2264 snum
281 2204 318 2262 ad
338 2220 437 2277 regem
459 2205 631 2276 discessum,
653 2219 707 2263 nee
727 2205 882 2278 quidquam
903 2201 1049 2275 perficiet,
1078 2200 1134 2258 nisi
1153 2201 1222 2262 iude

79 2305 252 2380 discesserim
274 2323 340 2366 nom
359 2307 448 2368 habet
467 2309 497 2368 in
517 2309 612 2368 auimo
633 2325 736 2368 novum
756 2307 862 2368 cudero
884 2306 972 2380 ligem
992 2323 1044 2369 ssu
1065 2303 1222 2364 ioedusaut

80 2413 265 2482 provisionem
286 2411 409 2474 exclusis
429 2411 544 2484 ponitus
564 2413 709 2484 Hispanis,
731 2411 924 2484 succedatque
946 2411 992 2486 (ut
1013 2407 1138 2484 opinor).

151 2516 222 2578 Oum
243 2516 373 2588 audiero,
397 2515 531 2576 Vestram
551 2517 777 2576 Illustrissimam
797 2514 1004 2576 Geloitndinem
1025 2513 1221 2586 Stutgardiam

14 2643 16 2656 ι
78 2619 202 2694 rediisse,
224 2621 262 2697 (si
283 2621 361 2680 Deus
380 2620 520 2692 voluerit,
541 2626 574 2680 ut
594 2621 667 2680 bene
687 2620 807 2692 valeam,
829 2602 862 2678 ut
881 2619 980 2694 spero)
1007 2617 1157 2678 confestim
1177 2620 1223 2678 iu·

78 2721 160 2780 visum
179 2728 352 2782 reverenter
372 2721 506 2780 Vestram
526 2721 752 2782 illustrissimam
774 2721 991 2796 celsitudinem,
1020 2725 1133 2782 interea
1154 2741 1221 2784 oon·

81 2823 194 2888 firmabo
214 2829 420 2888 valetudinem.
452 2893 457 2898 .

149 2932 267 2994 Gratias
287 2949 341 3006 ago
361 2934 537 2994 immortales
558 2952 609 3007 pro
630 2941 749 3008 accepta
775 2938 912 3009 pecunie,
941 2952 1005 3008 quae
1033 2935 1147 3008 quidem
1170 2953 1217 2996 ve·

79 3041 156 3093 uerat
174 3035 206 3093 iu
228 3042 375 3108 tempore;
398 3053 630 3110 consumpseram
652 3038 743 3108 enim,
766 3055 830 3110 quae
850 3038 1005 3108 habebam,
1026 3042 1055 3098 iu
1077 3057 1140 3100 meo
1161 3046 1219 3102 tau

78 3136 259 3210 dispendioso
279 3142 394 3210 itinere,
416 3141 552 3200 laudetur
572 3142 660 3200 Deus
697 3142 768 3200 Cum
789 3143 942 3217 advenero,
965 3142 1111 3202 conteram
1131 3145 1223 3206 multa

76 3241 109 3300 de
129 3260 235 3318 magua
255 3245 423 3304 Rhaetomm
443 3252 535 3318 parte,
558 3263 621 3319 que
637 3263 714 3306 nunc
727 3247 866 3306 voluisset
886 3254 992 3307 stolum
1012 3255 1133 3322 mutare,
1155 3266 1222 3308 oon·

76 3343 161 3406 ierem
183 3351 257 3409 item
278 3350 410 3423 quaedam
432 3351 468 3410 de
488 3351 658 3424 Bullingero
671 3351 689 3423 ⁸,
711 3369 775 3410 cum
796 3369 852 3426 quo
873 3354 964 3414 multa
985 3353 1070 3412 etde
1091 3355 1156 3414 eliis
1176 3371 1222 3414 re·

75 3450 131 3511 bus.
171 3455 271 3523 Attuli
292 3471 401 3516 murem
422 3455 581 3528 Alpinun⁴
601 3472 652 3514 seu
673 3464 857 3526 mammetem,
888 3475 965 3518 nuuc
991 3476 1080 3520 unum
1101 3465 1222 3529 tantum,

75 3559 199 3634 reliquos
221 3559 373 3620 habiturus
394 3579 456 3620 sum
476 3563 661 3635 propediem,
692 3563 789 3635 ajunt,
817 3563 882 3623 illos
902 3581 979 3622 nuno
999 3564 1122 3637 primum
1143 3566 1222 3624 exire

76 3678 109 3720 ex
128 3681 231 3724 eorum
253 3668 400 3738 cavernis,
428 3667 503 3725 dabo
524 3683 650 3739 operam,
672 3667 870 3739 Stntgerdiam
889 3669 1030 3727 mittatur.
1072 3668 1152 3727 Bene
1174 3686 1222 3728 va·

76 3765 131 3826 leat
151 3770 261 3829 Vestra
281 3771 479 3830 illustrissima
501 3771 665 3831 (lelsitudol
706 3771 750 3829 De
772 3774 907 3844 pecunia,
935 3791 1020 3846 quam
1049 3773 1151 3833 eadem
1173 3773 1222 3834 de·

147 3979 157 4032 l
179 3979 255 4046 Hert
273 3995 327 4034 uon
347 3977 483 4033 Bellievre
501 3997 520 4032 s.
541 3996 567 4032 n.
587 3978 646 4033 204.

144 4069 160 4120 2
180 4066 209 4120 S.
229 4066 437 4122 1120120211.
868 4108 875 4124 ,

138 4155 155 4210 3
176 4154 205 4210 S.
223 4171 252 4208 n.
273 4153 330 4207 111.
358 4153 439 4210 Nach
458 4153 554 4222 Meyer
572 4151 609 4216 Il,
628 4153 678 4206 255
698 4153 812 4224 begeuu
831 4171 886 4208 von
906 4153 970 4210 dont
983 4171 1020 4210 an
1035 4153 1140 4214 wieder
1157 4157 1221 4214 eine
1280 4196 1285 4205 -

74 4241 259 4310 ennehorung
270 4239 407 4296 ewisohen
419 4239 522 4314 herzog
533 4239 683 4310 christoph
695 4240 753 4294 und
765 4239 920 4310 Bullinger‚
933 4241 1005 4299 auch
1015 4241 1123 4312 Vorger
1134 4245 1220 4299 stand

74 4325 122 4378 mit
140 4325 200 4380 ihm
217 4325 324 4380 wieder
341 4325 371 4380 in
390 4342 517 4396 regerem
535 4325 736 4382 briefweohsel.

77 4409 79 4414 '
143 4413 161 4465 4
180 4411 209 4468 S.
228 4411 271 4468 br.
289 4429 317 4480 u.
337 4412 424 4480 soso.
