2852 5076
767 336 806 394 72
1295 325 1347 382 1551

217 505 388 578 15311555
409 504 576 565 5551155151.
618 503 694 562 Dedi
716 505 802 562 etiam
827 502 932 562 librum
959 501 1055 572 illum,
1086 517 1171 575 quem
1193 501 1348 560 celsitudini

216 608 476 679 venumdandi,
502 625 587 682 quum
613 623 705 681 nuper
732 614 810 666 esset
829 610 859 666 iu
880 606 1034 666 venatione
1060 605 1090 666 in
1111 603 1283 666 Sambach⁸.
1320 605 1349 664 Hi

216 715 311 787 magni
331 712 421 774 icturi
443 718 517 771 sunt.
549 712 607 772 Sed
629 687 787 772 medioeres
809 713 896 772 etiam
913 727 982 772 curo
992 709 1210 783 imprimendos:
1233 709 1269 768 de
1284 710 1349 768 idolo

216 813 403 878 Lauretano⁸
418 815 516 888 latine,
532 818 629 876 italico
652 823 681 876 et
700 819 880 890 germanice,
900 820 1045 891 praeterea
1060 820 1161 874 contra
1174 814 1350 887 catalogum,

222 937 306 996 quem
335 921 421 980 etium
447 919 558 978 Vestrae
592 920 762 979 Celsitudiui
791 919 904 979 ostendi
932 935 995 978 cum
1022 920 1217 992 responsione.
1258 919 1351 977 lterum

217 1041 271 1098 535
292 1027 401 1100 gratias
415 1027 487 1096 Deo,
509 1027 557 1098 qui
572 1024 708 1098 dignatur
721 1026 764 1082 uti
784 1023 879 1097 opella
898 1039 963 1082 5555
983 1025 1013 1082 15
1033 1025 1087 1090 515,
1109 1041 1173 1096 quse
1194 1023 1232 1082 ad
1252 1039 1351 1096 promc-
1414 1026 1415 1097 l

217 1127 340 1190 vendam
372 1129 435 1200 ojus
466 1128 625 1188 doctrinam
656 1129 810 1199 pertinent.
859 1128 923 1186 Scio
953 1127 1104 1188 advenisse
1133 1128 1189 1186 555
1214 1129 1350 1200 pecuniam

217 1230 333 1288 missam
358 1245 411 1301 pro
432 1229 533 1300 Anglis
560 1227 701 1287 exulibus,
734 1228 884 1286 Laudatur
904 1229 983 1287 Deus
1003 1231 1031 1288 in
1054 1230 1233 1290 celsitudine
1250 1233 1350 1290 Vestra.

195 1397 201 1404 ,
295 1333 349 1392 Est.
369 1335 484 1406 legatus
505 1333 634 1390 Venetus
655 1331 731 1406 apud
753 1332 893 1392 Caesarem
916 1333 943 1391 d.
965 1333 1080 1394 Marcus
1094 1336 1239 1394 Antonius
1253 1335 1351 1404 Melet

218 1438 263 1496 vir
283 1453 386 1510 magna
405 1435 560 1512 prudentia
581 1443 611 1494 et
631 1437 794 1496 eruditione
815 1445 845 1497 et
865 1455 991 1498 summus
1018 1441 1125 1498 amicus
1150 1456 1245 1511 mens3
1276 1441 1299 1497 is
1324 1437 1351 1496 ad

218 1558 265 1600 me
285 1541 394 1614 scribit,
415 1559 446 1600 55
467 1557 565 1600 meuse
578 1543 707 1616 proximo
719 1529 875 1601 Novembri
893 1543 1054 1602 rediturum
1073 1545 1103 1601 in
1123 1545 1257 1617 patriam,
1278 1559 1351 1617 quum

217 1661 286 1706 vcro
306 1663 360 1720 per
380 1647 514 1706 ducatum
525 1647 659 1706 Vestrum
680 1648 736 1706 iter
755 1646 883 1706 facturus
904 1648 950 1716 sit,
972 1649 1054 1707 valde
1076 1665 1107 1706 55
1128 1663 1236 1722 cupere
1255 1663 1351 1705 mecum

218 1751 306 1824 loqui.
338 1751 433 1823 Quare
451 1767 515 1809 cum
532 1749 613 1807 velim
636 1751 662 1807 ei
684 1765 792 1808 morem
813 1765 915 1824 355555
937 1756 967 1809 et
988 1768 1073 1825 quum
1096 1749 1221 1809 fructum
1242 1751 1351 1822 aliquem

220 1867 334 1926 sperem
356 1853 504 1926 evangelio
527 1853 646 1924 exejus
673 1850 851 1924 colloquio⁶‚
878 1851 1014 1910 constitui
1041 1853 1070 1911 iu
1103 1854 1239 1912 ducatum
1268 1853 1351 1913 redire
1414 1882 1415 1887 κ

219 1955 294 2016 infra
317 1960 351 2014 15
372 1957 434 2016 dies
454 1959 483 2014 et
511 1957 653 2015 dimittam
679 1957 726 2015 hic
757 1957 919 2024 hominem,
951 1957 999 2031 qui
1026 1975 1078 2032 pro
1105 1975 1150 2017 me
1179 1961 1256 2018 adsit
1281 1963 1351 2031 typo·

218 2061 344 2136 graphio.
381 2061 473 2122 Filius
500 2059 768 2122 (1551555555551
794 2061 883 2120 rediit
910 2077 945 2120 ex
966 2061 1061 2121 Gallia
1088 2061 1117 2121 in
1137 2063 1252 2122 Italiam
1279 2060 1352 2121 etad
1413 2046 1414 2085 ³

782 2199 798 2230 ff

293 2295 383 2350 lDer
409 2296 474 2350 51551
498 2295 603 2350 lentot:
639 2293 789 2364 Reginaldi
809 2295 869 2348 Poli
888 2313 938 2364 pro
963 2295 1158 2352 ecclesiasticae
1183 2296 1298 2351 unitatis
1315 2295 1351 2348 de·
1415 2367 1416 2370 Ἴ

218 2383 342 2439 fensione
365 2381 433 2437 11551
458 2381 495 2434 IV
522 2384 574 2436 etc.
612 2382 756 2452 Adjectum
782 2385 823 2436 555
848 2381 934 2436 etiam
960 2383 1134 2451 quorundam
1161 2383 1278 2438 aliorum
1302 2400 1353 2453 gra·

219 2470 393 2525 vissimorum
407 2469 529 2524 virorum
543 2468 577 2522 de
589 2467 729 2538 pontilicis
738 2468 857 2524 Romani
869 2469 993 2538 primatu
1001 2469 1137 2544 judicium
1153 2473 1228 2535 1555,
1243 2489 1263 2524 s.
1273 2469 1351 2537 Serap.
1414 2473 1416 2516 l

219 2576 238 2610 r.
258 2558 299 2612 83.
319 2575 347 2610 5.
366 2558 406 2610 66.
426 2574 445 2610 5.
465 2555 505 2610 55.
526 2573 553 2608 5.
572 2556 614 2610 20.

289 2644 306 2698 2
324 2643 380 2696 Dus
398 2641 501 2697 5551555
511 2641 652 2697 1115515151
671 2641 702 2695 15
721 2641 769 2696 der
789 2642 1099 2714 555555515515355,
1119 2662 1139 2698 5.
1149 2645 1241 2700 855115
1251 2645 1295 2722 IV:
1304 2645 1351 2698 767.
1415 2637 1416 2648 ¹

290 2731 307 2784 3
330 2731 386 2784 Der
410 2729 475 2784 51551
500 2730 549 2784 (155
573 2729 771 2784 1551155155555
797 2731 937 2798 55535555
975 2730 1058 2786 Delia
1081 2748 1193 2786 5555555
1217 2735 1247 2786 51
1272 2733 1352 2785 statua

222 2815 299 2871 della
320 2816 462 2871 Madonna
481 2816 623 2872 chismate
643 2815 672 2869 di
692 2815 805 2871 torento
824 2817 876 2870 etc.
898 2818 974 2872 1554.
1004 2817 1127 2872 Vorrede
1148 2836 1213 2872 vom
1238 2821 1269 2872 15
1283 2817 1351 2872 Octo·

220 2903 268 2958 ben
282 2903 358 2958 1554.
382 2903 559 2958 Lateinische
572 2903 773 2972 fibersetzung:
794 2903 834 2957 Dc
846 2903 925 2958 Idolo
937 2904 1101 2960 5555555555.
1126 2905 1275 2974 15515355
1288 2905 1350 2960 1551.

219 2989 562 3060 swwswmffi

289 3078 306 3129 4
334 3077 400 3132 1519
427 3095 485 3132 war
511 3080 559 3134 der
586 3081 658 3133 55555
686 3078 771 3133 index
797 3079 934 3156 librorum
961 3078 1166 3148 prohibitorum
1193 3081 1348 3135 erschienen.

219 3164 326 3232 Verger
345 3165 499 3233 5531515555
523 3165 572 3220 155
597 3166 649 3220 mit
675 3167 730 3220 den
757 3165 950 3220 beissendsten
969 3167 1080 3236 3155555
1106 3167 1164 3221 und
1182 3167 1349 3223 wiederholte

218 3249 274 3304 (1155
293 3250 440 3307 5555155555
459 3253 579 3308 5515555
606 3252 652 3307 551
672 3253 752 3322 jeder
777 3269 866 3308 55555
886 3253 1010 3322 5553555
1031 3253 1078 3309 (155
1096 3254 1189 3309 iudex.
1227 3255 1280 3308 Das
1300 3252 1348 3306 hier

217 3337 357 3407 35551555
375 3334 456 3395 555515
471 3341 590 3410 Vergers
609 3340 645 3394 155
663 3357 753 3410 35355
772 3341 817 3396 (115
836 3341 922 3395 (151555
942 3343 1064 3412 5553555
1084 3342 1132 3396 (155
1150 3340 1242 3406 index,
1264 3357 1349 3396 veran-

218 3423 318 3479 5551555
343 3441 397 3479 555
421 3423 590 3489 Archibald,
620 3427 775 3484 erubisohof
798 3445 852 3481 von
881 3427 1006 3481 Mailnud
1033 3429 1116 3490 1554,
1146 3428 1283 3497 gerichiet
1304 3423 1349 3480 und

218 3512 297 3580 tritgt
322 3511 375 3566 den
399 3511 478 3567 titel:
516 3513 651 3582 05551535
677 3514 722 3570 (151
742 3513 922 3569 Arcinuboldo
946 3516 1000 3570 eto.
1025 3532 1076 3570 con
1102 3533 1155 3570 une
1180 3515 1285 3586 riposta
1307 3514 1348 3568 etc.

220 3597 295 3650 1551.
332 3596 467 3668 Serape.
488 3600 529 3653 82.
548 3617 574 3653 5.
594 3601 634 3654 56.
907 3665 910 3668 ,
1167 3601 1168 3604 ’

287 3683 436 3738 5Μ551555
457 3686 593 3741 Antonius
613 3688 648 3743 (15
667 3688 759 3752 Mula,
781 3689 931 3759 gesandter
951 3689 979 3742 in
1000 3688 1123 3754 Maduid,
1151 3690 1226 3744 (1555
1245 3690 1272 3744 15
1291 3689 1348 3742 Rom

219 3786 274 3824 von
293 3773 378 3840 papst
396 3772 460 3828 Pius
479 3773 518 3826 IV
536 3791 597 3828 cnm
617 3775 728 3830 bischof
745 3777 801 3830 und
820 3776 947 3831 cardinal
967 3776 1099 3832 erhoben.

287 3858 304 3910 6
324 3857 484 3929 Christophs
503 3863 625 3917 55555555
644 3881 664 3914 s.
684 3863 724 3916 br.
744 3881 771 3916 5.
792 3865 856 3918 135.
877 3864 917 3917 11.
938 3867 978 3919 15.

289 3946 304 3995 7
325 3943 351 3998 S.
370 3946 412 3999 br.
430 3965 456 3999 5.
477 3947 501 4000 2.
520 3948 544 4000 9.
565 3950 605 4002 10.
634 3936 712 4002 11555
729 3945 780 4003 ’(155
797 3949 944 4018 folgende:
963 3949 1055 4022 Kdnig
1074 3948 1209 4004 Heinrich
1221 3949 1248 4003 II
1266 3945 1349 4002 555155

219 4027 272 4082 den
291 4028 439 4098 inquisitor
458 4031 498 4084 dr.
511 4033 571 4087 Oris
591 4034 643 4088 mit
661 4033 752 4088 515555
766 4035 993 4106 eigenhitndigen
1011 4036 1088 4091 brief
1103 4053 1139 4090 55
1159 4036 1205 4092 (115
1223 4031 1348 4101 honogie.

221 4113 308 4184 55515
327 4131 357 4168 55
374 4117 470 4173 551555
490 4118 576 4174 515155
595 4121 718 4176 schmerz
736 4121 857 4176 (1555555
876 4123 1042 4188 5555555155,
1071 4123 1135 4178 (1555
1153 4123 1229 4178 55155
1247 4118 1346 4186 5155135

218 4199 416 4269 555535115555
434 4205 514 4260 55555
533 4204 562 4258 15
580 4205 668 4261 (115555
686 4207 833 4276 labyrinth
851 4226 906 4263 von
924 4209 1083 4280 unseligen,
1104 4211 1291 4266 verdammten
1306 4203 1346 4258 irr-

218 4285 315 4342 lehron
335 4287 512 4359 eingetreten
530 4291 577 4347 sei.
614 4293 675 4347 Oris
694 4310 752 4347 wer
769 4293 1014 4367 bevollmttchtigt,
1033 4297 1084 4352 der
1102 4297 1234 4368 55555315
1250 4289 1346 4364 prodig-

219 4373 320 4443 tenzn
339 4375 445 4444 551555,
464 4379 553 4435 denen
572 4379 611 4435 sie
630 4381 787 4436 anwohnen
810 4384 928 4448 musote;
953 4383 1049 4441 551155
1074 4383 1149 4440 (11555
1174 4382 1345 4447 5555555535·
