2830 5078
1300 384 1359 468 ¹use

237 561 385 634 spiratum,
406 573 522 630 nempe,
544 563 577 616 ut
596 557 773 631 aliquamdiu
794 559 823 616 in
845 558 952 619 ducatu
975 561 1080 622 Vestro
1102 563 1285 633 consisteret,
1312 561 1359 619 dun

237 664 359 737 videret,
379 663 403 722 si
424 661 500 722 lorte
521 662 601 720 Deus
621 661 708 722 vellet
735 679 788 720 suo
817 664 920 738 spiritu
949 665 1083 738 mitigare
1106 667 1227 726 (lassaris
1251 666 1360 724 animun.

237 769 281 828 Ao
301 785 337 828 ne
364 769 478 828 interea
504 767 580 826 idem
601 766 770 826 Ambrosius
795 768 849 826 ulli
878 776 956 828 esset
982 771 1065 830 oneri
1093 778 1123 830 et
1149 787 1252 844 panem
1276 770 1362 829 frustra

237 877 418 931 consumeret
438 872 557 940 otiosus,
577 871 692 943 aperuit
713 889 743 929 so
764 872 848 943 mihi,
871 873 948 945 quod
970 875 1097 934 libenter
1118 882 1285 950 accepturus
1305 883 1362 933 esset

227 961 256 1036 'a
275 978 381 1036 Vestra
402 975 579 1034 celsitudine
600 965 793 1034 conditionem
814 977 940 1050 aliquam
962 981 1195 1052 ecclesiasticam,
1217 982 1246 1038 iu
1266 997 1318 1053 qua
1335 986 1362 1037 tt·

238 1080 347 1138 lentum
369 1087 528 1140 exerceret.
568 1079 692 1138 Etcum
712 1097 758 1138 me
779 1088 910 1154 orasset,
942 1089 974 1140 ut
994 1091 1109 1156 egomet
1130 1086 1167 1144 ob
1188 1101 1251 1143 eam
1265 1101 1362 1142 causan

238 1185 276 1244 ad
296 1185 520 1244 illustrissimam
543 1183 748 1242 Oeleitudinem
764 1185 896 1244 Vestram
916 1188 1084 1248 accederem
1105 1205 1199 1263 neque
1218 1205 1325 1261 possem
1342 1188 1364 1244 ob

239 1289 390 1347 adversum
412 1287 626 1359 valetudinem,
658 1289 753 1346 scribo
780 1297 949 1349 reverenter
977 1297 1006 1350 et
1037 1294 1204 1352 commendo
1235 1294 1364 1359 hominen,

241 1411 326 1468 quem
346 1410 430 1468 spero
459 1393 587 1452 futurum
616 1394 718 1453 honori
739 1394 910 1454 Celsitudiui
930 1398 1042 1458 Vestrae
1062 1399 1230 1473 Vestrieque
1251 1398 1364 1456 ecclesiis.

326 1499 507 1558 Reverenter
537 1500 646 1572 gratias
676 1515 731 1571 ego
764 1515 816 1572 pro
847 1500 1005 1560 monitione
1035 1503 1148 1560 Vestrae
1178 1499 1364 1559 Dominatinris

238 1601 459 1673 illustrissima,
490 1617 592 1672 nempe
623 1607 656 1658 ut
686 1601 847 1660 abstineam
876 1602 912 1660 nb
944 1603 1062 1662 edendis
1094 1606 1176 1664 libris
1207 1621 1304 1664 eorum
1332 1621 1365 1662 eu·
1405 1623 1407 1684 r

239 1714 350 1778 torum,
381 1707 430 1778 qui
450 1723 506 1763 nou
528 1711 594 1764 suut
614 1711 721 1764 nostrae
742 1705 939 1766 confessionis.
980 1708 1094 1769 Parebo
1122 1710 1183 1768 sine
1205 1711 1265 1768 ulla
1284 1726 1364 1782 excep
1406 1757 1407 1760 ι

240 1811 328 1881 tione,
350 1816 382 1868 ut
403 1825 447 1867 me
469 1810 564 1868 decet.
1177 1889 1180 1892 Ι

317 1915 447 1972 Historia
468 1914 614 1974 Francisci
635 1912 744 1985 Spierae
777 1921 822 1974 est
850 1915 902 1974 sub
933 1917 1025 1988 prelo.
1065 1917 1220 1976 Tractatus
1241 1918 1276 1976 de
1294 1918 1366 1977 usuris
1404 1923 1407 1982 i

239 2021 434 2092 supprimetur
447 2018 464 2076 ¹.

317 2122 487 2196 Magnificus
499 2123 526 2181 d.
538 2121 735 2195 Siglemundus
748 2124 944 2197 aDietristan,
955 2125 1025 2183 baro
1037 2126 1065 2183 in
1077 2125 1213 2187 Garniola
1224 2125 1366 2204 (Celsitudi
1406 2147 1407 2184 i

239 2229 283 2288 nis
300 2230 411 2288 Vestrae
429 2228 705 2302 observantissimus,
726 2229 750 2286 si
765 2231 904 2302 quispiam
924 2231 1009 2306 alius)
1027 2233 1141 2304 scripsit
1159 2234 1236 2291 huno
1254 2233 1366 2300 libellum,

240 2353 324 2408 quem
337 2338 419 2394 mitto
432 2335 575 2408 demissa,
596 2342 716 2408 cuperet
729 2336 792 2394 dari
805 2337 1033 2410 imprimendum,
1054 2337 1116 2395 sine
1137 2339 1202 2410 ejus
1216 2339 1324 2398 nomine
1338 2342 1367 2393 a·
1406 2335 1407 2394 ἶ

239 2459 314 2502 men.
338 2441 579 2512 Quamvieeutem
595 2440 622 2498 d.
634 2439 809 2500 Beurlinus²
825 2448 854 2500 et
870 2443 897 2499 d.
920 2441 1103 2515 Sneppbius³
1124 2441 1253 2515 theologi
1268 2442 1368 2501 viderint

241 2551 271 2603 et
290 2543 448 2616 probarint,
470 2549 566 2602 tamen
587 2545 686 2617 putavi
706 2544 878 2604 mittendum
899 2546 935 2603 ud
951 2545 1139 2606 Celsitudinis
1153 2565 1267 2620 quoque
1280 2547 1368 2605 Vestra
1404 2529 1406 2614 l

240 2667 399 2709 censuram.
439 2648 520 2706 Nihil
540 2647 597 2706 vidi
619 2664 672 2720 ego
694 2649 722 2706 iu
745 2665 779 2708 eo
811 2655 974 2722 suspectum
1007 2658 1036 2708 et
1068 2649 1143 2709 bona
1172 2652 1283 2723 multa,
1311 2648 1368 2706 unde

240 2772 325 2827 spero
352 2753 480 2813 futurum
511 2754 610 2814 utilem
640 2754 698 2812 illis
725 2755 841 2812 novitiis
867 2756 1006 2814 ecclesiis.
1048 2754 1231 2828 Exspectabo
1253 2756 1366 2813 Vestrum

240 2857 392 2916 consilium
414 2862 444 2915 et
464 2855 630 2914 mandatum
652 2872 688 2913 ca
708 2855 744 2914 de
765 2872 806 2914 re.

318 2962 353 3019 D.
374 2961 479 3019 Veneti
499 2960 691 3017 decreverunt
711 2957 897 3017 honorificam
917 2959 1091 3032 legationem
1112 2959 1149 3018 ed
1171 2959 1319 3028 Gaesarem,
1336 2956 1369 3014 lu·

240 3073 306 3124 tura
327 3071 371 3123 est
392 3070 505 3122 centum
526 3066 654 3136 equitum
676 3071 705 3120 et
725 3062 811 3120 ultra.
853 3062 961 3121 Volunt
980 3064 1105 3136 placare,
1126 3082 1194 3124 uam
1215 3085 1271 3126 non
1292 3064 1370 3138 paucis

240 3169 354 3241 injuriis
373 3169 455 3227 illum
476 3185 531 3226 non
552 3167 643 3224 multo
664 3175 732 3224 aute
758 3165 932 3236 affecerunt,
959 3167 1122 3240 praesertim
1153 3186 1216 3226 cum
1246 3166 1368 3241 oppidum,

242 3274 287 3332 cui
307 3289 410 3332 nomeu
431 3273 567 3330 Murrouo
579 3269 604 3341 ⁴,
629 3271 715 3343 Juxta
742 3283 821 3326 mure
842 3269 1077 3344 munitissimum,
1105 3273 1149 3329 illi
1169 3273 1331 3332 ademerunt
1348 3271 1369 3322 cl

241 3378 336 3436 adbuc
355 3375 494 3435 retinent.

276 3469 279 3475 ’
321 3479 494 3537 Commendo
507 3493 553 3536 me
565 3483 733 3536 reverenter
746 3479 859 3537 Vestrae
872 3477 1075 3537 illustrissimae
1091 3481 1293 3542 Domiuationi.
1321 3477 1372 3545 Ago
1404 3543 1405 3550 ἵ

242 3587 349 3659 gratias
369 3586 432 3642 Deo
452 3600 505 3656 pro
526 3583 726 3641 benedictione
745 3583 868 3656 domini,
890 3601 946 3655 qua
967 3584 1085 3642 donavit
1105 3586 1224 3644 tertium
1246 3581 1371 3644 heredem,

809 3713 824 3746 *

315 3819 329 3872 1
349 3818 376 3874 S.
395 3835 424 3872 n.
442 3819 485 3872 63.

312 3906 485 3960 ἳᾶωω
673 3941 677 3946 -

310 3994 327 4048 3
345 3993 470 4048 Dietrieh
489 3991 624 4060 Schnepf,
643 3991 707 4061 gab.
724 3989 754 4044 iu
775 3989 919 4060 Wimpfen
939 3991 952 4043 1
973 3990 1131 4046 November
1151 3993 1236 4056 1525,
1254 3988 1318 4044 sohn
1333 3982 1373 4034 dos

241 4081 538 4152 wiirttembergisohen
557 4078 736 4134 reformatum
754 4078 863 4133 Erhard
881 4078 1019 4149 Schnept,
1046 4079 1154 4134 damals
1180 4077 1309 4150 professor
1331 4069 1373 4121 der

240 4169 384 4240 theologie
401 4169 430 4224 in
450 4167 613 4238 Tiibingen,
639 4167 726 4220 nalum
744 4184 790 4220 am
808 4166 945 4237 gespritoh
963 4165 992 4220 in
1013 4166 1124 4222 Worme
1145 4169 1227 4230 1557,
1251 4164 1278 4217 iu
1296 4154 1373 4212 Muul·

241 4256 329 4311 bronn
350 4258 418 4312 1564
436 4255 522 4320 theil;
541 4253 718 4308 fruchtbarer
736 4253 945 4323 theologischer
962 4254 1165 4310 schriitsteller.
1200 4257 1216 4321 †
1233 4253 1248 4308 9
1266 4249 1372 4304 Novem·

242 4342 387 4398 borloso.
421 4343 446 4397 S.
468 4361 495 4396 n.
517 4341 655 4396 111.159.

312 4433 329 4484 4
348 4431 464 4486 Murano
483 4429 535 4486 auf
549 4428 628 4484 einer
645 4428 786 4484 hulbinsel
807 4429 853 4484 bei
872 4429 972 4485 Udiue.
