2830 5078
775 361 836 422 190
1298 356 1348 410 litt

223 523 392 584 tentissime.
434 525 525 599 Spero
545 528 651 597 eutem,
673 528 752 602 quod
771 545 828 588 uon
850 529 945 590 deerit
965 545 1026 590 sua
1047 546 1142 589 causae
1163 535 1194 588 et
1213 530 1275 591 sibi

302 625 423 686 Osculor
449 627 534 688 uelde
561 629 710 688 humiliter
739 647 839 690 manus
869 637 974 691 vestrm
1005 631 1210 694 dominationis
1238 651 1351 694 reueren-

224 730 357 790 dissime.

303 835 472 907 lugentium
489 835 539 896 dio
561 835 673 894 XXIIII
694 837 825 896 Ianuarii
851 839 935 896 1569.

302 939 513 1000 Domiuutiouis
524 947 628 1000 vestrae
648 942 896 1002 reverendissim
917 942 1120 1023 deditissimus
1133 945 1242 1003 amicus
1261 951 1290 1002 et
1307 960 1352 1002 ser·

223 1044 299 1102 nitor
318 1046 347 1102 in
370 1042 483 1103 Christo

921 1150 1066 1210 HeorIcus
1086 1149 1294 1222 Oblilegrevus.
1406 1163 1408 1200 t

381 1250 600 1321 Postsoriptum.
1014 1261 1018 1268 '

302 1353 416 1412 Revere
436 1371 494 1412 uon
516 1352 571 1412 tuit
591 1357 738 1428 possibile,
759 1356 836 1429 quod
856 1356 1001 1428 potuerim
1021 1356 1118 1416 redire
1134 1372 1188 1427 per
1201 1358 1286 1414 istam
1299 1357 1356 1414 vim
1406 1343 1407 1404 l

226 1463 257 1516 et
277 1457 361 1514 valde
382 1456 525 1530 laboravi,
554 1464 588 1516 ut
608 1473 721 1528 possem
741 1475 794 1532 per
813 1460 897 1518 istum
919 1459 1025 1518 redite.
1066 1458 1123 1516 Sed
1151 1460 1227 1518 ratio
1248 1475 1356 1517 meoruu
1406 1463 1407 1538 t

227 1561 407 1632 negotiorum
428 1579 485 1620 nou
507 1570 552 1622 ost
571 1579 664 1636 passa,
687 1569 719 1620 ut
738 1565 891 1636 potuerim.
934 1564 1027 1635 Quum
1054 1561 1197 1622 confidam
1224 1564 1255 1620 iu
1282 1570 1358 1621 uestra

231 1665 436 1739 dominatione,
451 1667 522 1726 nihil
532 1683 595 1726 sum
604 1665 752 1724 sollicitus.
781 1666 912 1724 Audistis
922 1683 940 1726 e
950 1684 995 1725 me
1010 1665 1189 1726 voluntatem
1204 1672 1357 1724 nostrorum
1406 1699 1407 1702 =

306 1768 402 1840 Quare
423 1768 540 1826 remitto
561 1775 591 1826 et
618 1768 726 1826 colloco
754 1773 847 1826 totum
875 1769 1020 1840 negotium
1047 1769 1077 1827 iu
1105 1769 1209 1828 vestris
1237 1769 1357 1828 menibus.

227 1867 403 1930 Confidimos
423 1872 511 1931 vobis
552 1870 670 1930 Utinam
690 1871 829 1930 veniretis
849 1873 878 1930 iu
900 1879 1044 1943 tempore,
1072 1889 1129 1948 quo
1149 1890 1298 1945 possemus
1315 1889 1358 1931 um

226 1993 289 2036 esse
310 1978 494 2051 Autverpiaei
536 1977 631 2048 Scitis,
653 1977 690 2035 ad
711 1992 796 2050 quam
817 1977 933 2036 domum
953 1978 1121 2050 Autverpiae
1142 1977 1276 2038 debeatis
1296 1993 1359 2036 cooe-

226 2081 304 2154 dem,
325 2088 376 2140 aut
396 2098 448 2140 uos
467 2087 518 2140 eut
545 2078 650 2154 elium,
678 2097 764 2155 queue
784 2081 947 2142 mitteretis.
988 2082 1130 2142 Obsecro!
1171 2081 1275 2143 Facite
1295 2099 1359 2144 mous

224 2187 630 2247 humilescommeudstioues
650 2187 845 2246 illustrissimo
862 2189 976 2246 domiuo
990 2188 1067 2261 duci,
1087 2187 1134 2248 cui
1155 2189 1269 2256 dicatis,
1291 2205 1359 2262 quau

225 2293 378 2350 molestum
398 2292 467 2352 mihi
487 2290 595 2362 luerit,
627 2291 703 2364 quod
733 2308 790 2350 uon
817 2293 962 2364 potuerim
987 2291 1031 2351 illi
1058 2308 1155 2351 curem
1176 2290 1273 2352 locere
1294 2308 1360 2352 rene·

225 2397 358 2455 rendum.

303 2498 384 2558 Bene
405 2501 505 2559 volete.
537 2499 606 2558 Sitis
626 2505 759 2558 constans
780 2504 810 2558 et
831 2498 954 2572 diligens
974 2501 1005 2558 iu
1025 2485 1080 2560 hoc
1100 2503 1217 2560 maximi
1237 2501 1358 2560 momenti
1405 2535 1407 2574 ζ

230 2607 356 2677 negotio.

255 2781 263 2790 ι
379 2708 589 2768 Dominetionis
611 2713 715 2766 vestrae
735 2708 984 2768 reverendissime
1003 2709 1217 2770 amentissimus

925 2809 1068 2874 Hauricus
1088 2813 1294 2889 chillogreuus.
1406 2859 1407 2914 1

763 3089 799 3146 73
811 3085 838 3147 b.

357 3219 482 3306 Verger
503 3244 546 3322 au
569 3220 619 3286 die
642 3220 778 3308 kduigin
801 3219 968 3286 Elisabeth
991 3243 1053 3286 von
1077 3219 1240 3307 Eugland.

578 3349 725 3426 stuttgart
745 3337 915 3410 30'Jeunar
937 3353 1021 3410 1559.

656 3471 735 3558 Ohue
754 3471 946 3528 untersohrift

294 3583 404 3654 Wegeu
415 3582 463 3640 des
472 3583 637 3640 htuduisses
647 3584 784 3640 uwisoheu
794 3582 850 3640 deu
858 3584 1114 3656 protestantisoheu
1123 3583 1233 3641 fursteu
1240 3581 1363 3640 Deutsch·

225 3679 309 3736 lautis
327 3679 387 3734 uud
404 3678 559 3734 Elisabeth.
755 3723 757 3727 .
962 3737 967 3741 ,
1146 3675 1149 3682 ’
1403 3759 1404 3766 ¹

257 3771 261 3776 ⁴
295 3775 524 3847 Abgesohriehen
539 3773 724 3830 eusschwoiu
739 3791 863 3831 muscum
878 3775 954 3840 1788,
972 3774 1071 3840 4831ῖ.,
1090 3771 1363 3846 dadusorigiualim
1402 3779 1404 3842 t

224 3871 252 3926 k.
272 3871 369 3928 archiv
387 3871 417 3926 in
435 3870 582 3940 stuttgart
599 3869 679 3928 nicht
697 3871 777 3926 mehr
794 3869 970 3926 aufuuflndeu
989 3887 1057 3926 wer.

304 3968 494 4027 Sereuissima
515 3969 645 4044 Regina!

304 4073 376 4132 Gom
394 4071 482 4132 luerit
501 4073 578 4145 apud
597 4089 643 4132 me
661 4072 793 4132 domiuus
806 4071 960 4134 Heinricus
975 4071 1185 4146 chillegrevus
1207 4087 1268 4146 ogo,
1288 4069 1362 4144 quid·

225 4177 294 4252 quid
314 4177 351 4236 uh
372 4193 406 4236 eo
426 4178 574 4250 intellexi,
602 4173 796 4236 illustrissimo
817 4177 941 4250 principi
961 4194 1025 4236 meo
1046 4178 1144 4236 statim
1164 4177 1268 4237 litteris
1294 4175 1364 4252 (erat
1402 4169 1403 4176 ’

225 4285 301 4343 euim
325 4299 344 4341 a
370 4282 477 4342 ducatu
502 4299 555 4341 suo
581 4281 700 4358 obesus)
729 4281 943 4342 communicavi.
990 4281 1104 4340 Deinde
1134 4282 1221 4342 hodie
1251 4281 1362 4354 priunum

225 4387 306 4446 licuit
325 4385 400 4446 fecie
420 4385 458 4446 ad
478 4383 582 4446 isoiem
603 4387 698 4446 omnia
717 4403 782 4446 cum
802 4387 894 4460 ipsius
914 4386 1086 4446 celsitudine
1106 4386 1247 4448 conferre.
