2884 5074
101 377 165 433 1564
640 385 701 444 475

99 555 217 620 litteras,
240 557 289 612 aut
311 551 418 612 fantum
439 569 552 624 quoquo
574 555 658 613 morlo
679 555 891 624 intellexerint,
914 552 1062 626 suspicari,
1083 567 1177 610 meum
1197 565 1246 610 ne-

98 667 193 732 potem
215 657 362 717 dimissum
385 675 446 716 esse
469 665 588 732 propter
610 675 725 718 evrorrne
747 659 862 733 aliquod
885 657 1022 730 flagitium
1041 662 1129 731 atque
1144 657 1245 724 scelus,

97 783 157 821 nnm
174 781 226 836 per
241 761 465 837 quinquennium
482 765 545 835 ejus
561 750 732 822 Celsitmlini
744 763 926 821 inserviverit
938 768 968 820 et
977 761 1123 820 inauditus
1144 761 1247 820 absens

99 868 184 925 luerit
206 885 223 926 a
244 867 388 940 legatione
412 877 556 939 renrrotns,
588 871 709 939 inscius,
739 869 824 926 robus
845 869 903 926 suis
924 865 1055 926 omnibus
1075 864 1181 923 ibidem
1203 865 1245 922 iu-

100 973 261 1046 compositis
282 973 391 1031 relictis
412 989 474 1028 cum
498 973 599 1044 rnujori
621 971 763 1029 mobilium
786 987 900 1028 suorum
923 975 1013 1041 parte,
1035 984 1123 1040 opera
1135 973 1244 1026 tautum

98 1083 126 1134 et
146 1076 298 1150 diligentie
319 1075 410 1146 istius,
433 1091 516 1150 quern
538 1091 613 1146 saepe
636 1075 707 1145 uino,
731 1074 873 1132 Scrrliclrii.

171 1179 237 1237 Jam
265 1181 461 1238 lllnstrissime
489 1179 626 1250 Princeps
657 1197 691 1237 eu
722 1177 915 1248 confidentia,
948 1195 1004 1251 qna
1034 1178 1189 1236 servitores
1217 1175 1243 1233 in

96 1284 208 1340 tilrristo
230 1285 322 1342 solent
346 1287 423 1360 (qoae
445 1285 512 1342 milri
529 1302 607 1358 spem
624 1285 685 1359 dat)
707 1290 876 1344 reverenter
897 1291 973 1358 pete,
997 1299 1052 1340 uon
1073 1281 1191 1352 seilicet,
1214 1288 1245 1338 ut

96 1387 291 1444 illustrissima
319 1387 466 1444 Celsitudn
492 1389 597 1446 Vestra
624 1390 768 1462 quippiam
790 1388 896 1447 scribat
917 1395 947 1448 et
974 1394 1108 1458 conetur,
1138 1386 1243 1446 dictum
1306 1459 1308 1464 Ι

95 1507 184 1548 meum
207 1497 341 1563 nepotem
364 1509 504 1562 reponere
526 1494 554 1549 in
577 1509 628 1550 suo
649 1493 743 1551 officio
765 1501 794 1552 et
816 1498 843 1551 iu
866 1493 983 1552 servitio
1005 1493 1082 1566 (nam
1097 1494 1159 1566 ipse
1177 1497 1244 1550 ante

95 1593 155 1651 iere
178 1612 284 1653 anuum
305 1615 322 1652 a
343 1613 387 1653 mo
409 1598 500 1668 petiit,
524 1603 554 1653 nt
577 1597 656 1655 illum
678 1615 837 1668 evocarem,
860 1599 1020 1670 praesertim
1043 1597 1245 1654 cumenimatl-

96 1705 233 1772 verteret,
247 1715 277 1758 se
294 1707 357 1774 post
370 1699 503 1758 Scolicbii
519 1699 671 1758 adventurn
687 1701 805 1776 negligi)
823 1718 878 1758 nnn
900 1701 952 1759 lroc
973 1701 1091 1776 petitur,
1113 1702 1243 1774 inquam,

99 1802 182 1862 faciet
209 1821 245 1862 ea
274 1805 309 1862 de
336 1821 366 1861 re
392 1804 602 1862 illustrissimus
624 1805 747 1863 l’rnssiae
776 1805 832 1861 (lux
855 1805 1032 1862 voluntatem
1057 1822 1145 1863 snam.
1188 1805 1244 1863 Sed

98 1913 170 1980 peto,
200 1915 234 1966 nt
260 1910 395 1980 dignetur
416 1908 562 1967 celsitudo
585 1910 688 1968 Vestra
709 1909 822 1968 litteras
853 1909 979 1968 seribere
998 1909 1033 1984 (si
1055 1911 1148 1984 placet
1171 1917 1200 1968 et
1220 1910 1244 1968 si

95 2013 243 2086 dignatur)
265 2014 368 2087 quibus
389 2013 530 2088 significet
551 2014 720 2086 praedictum
740 2014 915 2072 liudericum
930 2015 1074 2072 eoruscinm
1089 2031 1147 2072 suec
1160 2015 1243 2072 iuno·

95 2118 209 2188 ceutiae,
236 2124 316 2175 etse
338 2119 453 2176 omniuo
474 2117 677 2190 inculpabilem
700 2135 763 2175 esse
786 2123 815 2176 et
837 2117 983 2190 indiguum
1005 2120 1058 2177 tali
1079 2118 1243 2176 dimissione

92 2228 200 2278 tanturn
224 2222 338 2280 itineris
362 2225 542 2294 suscepisse,
576 2229 608 2281 ut
636 2221 813 2294 patefaceret
842 2217 921 2280 snn'm
948 2223 1158 2290 innocentiam,
1191 2223 1244 2279 lroo

93 2333 200 2384 tantum
223 2333 309 2400 pete,
338 2334 367 2386 et
387 2334 419 2387 ut
439 2329 481 2385 illi
504 2329 609 2386 litteren
632 2328 744 2394 denitur,
774 2346 836 2402 quae
863 2329 945 2386 bouis
972 2327 1160 2386 servitoribus
1181 2326 1243 2384 dari

94 2440 317 2499 consueverunt,
348 2439 377 2488 ut
399 2419 490 2504 possit
510 2433 584 2504 apud
606 2434 678 2491 alios
700 2434 846 2506 principes
867 2434 958 2492 locum
981 2432 1128 2502 invenire,
1162 2433 1184 2489 si
1207 2432 1242 2488 de

95 2538 168 2594 rnullo
190 2543 310 2610 peccato
332 2539 503 2595 coristiterit.
590 2551 592 2558 ·

168 2643 254 2713 Puto,
277 2660 320 2699 rne
343 2647 443 2714 petere
470 2660 529 2700 rem
549 2644 735 2715 justissimam
758 2650 788 2700 ot
808 2643 939 2702 omnibus
960 2643 1031 2701 meis
1051 2639 1152 2699 oitioiis
1173 2657 1243 2712 erga

94 2745 303 2804 Celsitudinem
316 2747 448 2806 Vestram
463 2748 687 2805 lllustrissimem
710 2747 943 2820 promovendam.
975 2747 1092 2806 Interea
1113 2761 1160 2804 res
1180 2746 1242 2817 ipsa

94 2851 268 2917 declarabit,
301 2851 442 2923 quomodo
471 2868 501 2909 se
528 2853 652 2925 gesserit
678 2852 852 2923 Scaliclnius,
884 2869 968 2925 spero
996 2849 1070 2908 enirn
1098 2848 1178 2906 fore.
1209 2856 1242 2905 nt

94 2962 280 3027 cognoscatur
302 2971 353 3027 pro
376 2955 502 3012 evidenti
523 2955 688 3027 impostore,
712 2961 741 3011 ct
762 2972 842 3012 nuens
865 2971 952 3026 nepos
973 2959 1073 3011 contra
1094 2968 1145 3022 pro
1166 2951 1241 3008 bono

94 3061 158 3118 viro.
186 3060 394 3117 illustrissimae
415 3059 585 3116 Celsitudiui
603 3059 716 3116 Vestrae
737 3059 882 3130 negotium
904 3059 957 3116 boo
978 3063 1146 3114 reverenter
1166 3073 1241 3112 corn·

94 3165 201 3233 nrerrdn,
226 3170 306 3220 tanto
327 3165 416 3236 magis
439 3163 512 3235 quod
535 3163 641 3221 litterae
658 3165 746 3236 ipsius
761 3161 894 3220 Scaliohii
909 3179 993 3220 rnouu
1008 3161 1045 3218 ad
1059 3177 1102 3217 me
1116 3165 1240 3218 exaratae

92 3267 169 3326 fuere
193 3268 323 3339 ejusdem
345 3267 529 3325 illustrissimi
553 3268 690 3340 principis
713 3268 835 3338 nominc,
859 3267 934 3339 quod
956 3285 991 3324 ex
1007 3265 1162 3324 caracteris
1182 3262 1240 3322 col·

94 3371 197 3430 latione
221 3371 437 3432 evidentissime
459 3383 588 3446 apparet.
1108 3357 1112 3365 ’

993 3504 1160 3574 ver-genius.

161 3655 223 3708 Von
245 3655 292 3708 des
312 3654 427 3724 hernogs
446 3654 537 3708 hund:

162 3744 238 3798 Nota
258 3743 285 3795 in
307 3743 355 3795 cles
375 3743 512 3812 lrerzogen
535 3761 566 3795 au
587 3743 721 3796 Hreussen
748 3740 892 3796 sohreilreu
919 3759 951 3793 nn
978 3742 1153 3801 vermelden‚
1183 3742 1239 3796 die-

95 3829 163 3884 weill
187 3829 344 3883 leudoricus
365 3829 513 3898 Vergerius
533 3827 724 3880 widerumbeu
745 3826 884 3880 hincinau
898 3826 997 3881 reitten
1018 3826 1070 3879 mir
1089 3829 1239 3901 ungezeigt

95 3917 146 3969 und
167 3918 272 3986 darbey
289 3917 430 3983 gebetten,
452 3933 494 3968 wa
514 3933 543 3968 er
563 3915 590 3967 in
611 3913 734 3968 uinielrer
751 3915 883 3983 unguenda
899 3933 979 3977 vvere,
999 3914 1045 3969 ine
1058 3935 1089 3968 uu
1104 3917 1240 3986 guediger

95 4005 357 4074 verrrnntwurltung
370 4004 490 4057 lrhomen
507 4021 538 4056 au
550 4003 638 4057 lassen
651 4003 708 4056 trud
717 4021 747 4058 so
757 4021 786 4057 er
800 4003 825 4056 S.
841 4002 869 4055 ln.
889 4002 930 4056 nit
950 4005 1073 4059 weitters
1091 4025 1123 4060 au
1143 4007 1240 4061 diener

94 4108 242 4159 angenem,
272 4092 327 4145 inre
345 4092 391 4144 niu
411 4091 568 4161 genedigeu
588 4091 792 4145 sehrifftlichen
812 4090 942 4145 absehidt
960 4110 993 4144 zu
1012 4092 1118 4160 geben,
1149 4092 1239 4146 demit

95 4194 122 4228 er
140 4177 205 4233 inne
225 4178 274 4233 der
293 4178 382 4232 endeu
402 4178 430 4231 iu
445 4181 508 4248 gott
522 4179 655 4234 beleitteu
670 4180 765 4232 vaurde
783 4179 957 4249 arrffuulegen
977 4179 1035 4242 nat,
1054 4179 1173 4234 dieweill
1193 4180 1239 4236 ieh

95 4261 158 4318 inne
169 4265 224 4320 dan
239 4284 270 4318 au
282 4266 307 4318 S.
319 4266 347 4319 L.
359 4266 428 4318 auch
442 4265 548 4336 guedig
561 4265 730 4335 gefuerdert,
751 4265 807 4318 und
827 4265 871 4318 nit
889 4283 959 4336 genn
979 4265 1051 4328 sehe,
1070 4282 1114 4320 wa
1133 4282 1163 4318 er
1180 4265 1238 4321 sieh

95 4348 226 4406 niteant
246 4353 330 4407 deren
350 4353 475 4422 gefalleu
495 4352 630 4423 gehalten
651 4353 707 4406 und
734 4353 790 4406 dan
818 4352 952 4420 brenchig
977 4353 1030 4406 den
1056 4352 1171 4406 dieueru
1190 4352 1238 4406 ab·

96 4437 183 4490 sohidt
203 4457 235 4491 zu
257 4439 361 4508 geben,
389 4439 466 4494 hette
486 4440 531 4495 ich
547 4439 590 4496 nit
603 4439 762 4510 nmbgehen
776 4439 916 4502 khinden,
936 4439 1110 4508 obgemelter
1129 4456 1236 4500 musaeu
