2884 5074
747 351 810 412 reo
1285 343 1346 402 cc

202 525 282 583 oneri
303 525 389 599 longo
410 523 664 595 temporevestrae
677 521 858 582 Gelsltudioi.
891 520 964 578 Nem
986 519 1101 581 vocabit
1121 537 1168 579 me
1188 521 1276 580 Peter
1296 535 1346 579 coe·
1433 523 1434 550 l

185 629 281 687 lestis
312 627 504 701 educabitque
536 627 564 684 in
593 642 645 684 suo
666 641 770 698 reguo,
804 641 981 700 quemme,
1013 631 1045 683 ιιι
1066 625 1161 684 cidem
1183 623 1346 684 celsitudini
1433 651 1434 702 ι

201 733 312 792 venre
324 731 528 792 illustrissimus
545 735 651 804 augeat
673 746 740 788 suos
761 730 873 790 divinos
894 731 1056 802 thesauros,
1077 729 1210 804 spiritum
1225 736 1256 788 et
1269 726 1346 786 fidem

202 853 255 910 per
276 836 422 895 Christum
443 834 589 894 dominum
611 840 748 892 nostrum.
1207 842 1209 844 ’

503 967 707 1028 lllostrissimee
729 967 916 1029 celsitudinis
937 967 1050 1028 Vestrae

960 1101 1086 1158 servitor
1112 1100 1279 1172 vergentes.

743 1376 811 1434 243.

594 1503 779 1570 Memoricle
804 1501 960 1590 Vergerii.

512 1643 580 1702 Sine
601 1615 819 1718 subsecutione,
841 1643 909 1704 doto
931 1649 962 1702 et
981 1643 1054 1702 loco.

630 1760 706 1816 l'illlt
727 1759 834 1830 anieng
855 1760 930 1814 1562.

282 1869 355 1937 Uber
380 1882 456 1938 seine
484 1883 555 1938 reise
580 1882 652 1938 noch
679 1883 869 1938 Groubiindeu
900 1883 956 1936 oud
983 1881 1028 1937 die
1054 1881 1144 1937 seines
1168 1881 1262 1936 oeffen
1281 1879 1350 1936 ‘noch

209 1977 386 2034 Fruulureieh.

283 2103 409 2162 Retenta
429 2105 627 2173 conclusione,
653 2103 729 2178 quod
749 2105 826 2163 iutro
843 2109 911 2166 octo
933 2104 995 2164 dies
1017 2103 1140 2163 debeam
1160 2103 1191 2160 in
1212 2100 1351 2161 Rhaetlem

203 2207 299 2267 redire
324 2213 357 2267 ut
377 2207 506 2281 puratos
532 2209 632 2281 homo,
663 2209 714 2268 sed
735 2215 854 2268 vocotus
875 2226 893 2268 a
912 2207 1062 2279 iratribus,
1083 2206 1138 2266 hoc
1159 2207 1279 2282 pmcbeo
1300 2223 1352 2264 ore·

204 2313 337 2372 moniale:

284 2415 379 2476 Nullis
399 2417 507 2476 litteris
527 2433 598 2492 opus
629 2417 740 2490 habeo,
772 2419 827 2476 nisi
854 2416 1053 2477 tantummodo
1080 2416 1275 2491 petentibuss
1300 2422 1363 2478 tum.

205 2527 326 2595 propter
346 2521 418 2595 locu,
439 2539 494 2595 peu
514 2539 578 2596 quse
598 2538 685 2596 cogor
704 2523 838 2594 transire,
860 2525 921 2581 tum
942 2537 978 2581 ue
999 2521 1063 2596 quis
1083 2523 1113 2580 in
1133 2519 1249 2579 Rhoetis
1268 2519 1353 2592 suspi-

207 2631 289 2686 cetur
309 2625 347 2703 (si
368 2625 462 2685 nullos
482 2625 597 2686 litteras
619 2627 724 2686 viderit
746 2643 791 2684 me
812 2626 957 2701 attulisse)
986 2641 1032 2683 me
1061 2625 1123 2684 sine
1151 2623 1270 2683 oonsilio
1289 2623 1353 2682 lllu·

204 2731 352 2790 strissimae
373 2731 561 2790 Celsitudinis
581 2731 693 2790 Vestrae
714 2730 884 2804 Stutgerdia
903 2738 954 2789 out
974 2729 1106 2804 Tubinga
1127 2729 1304 2788 discessisse.

284 2835 420 2911 Supplico
441 2838 539 2912 itaque
560 2837 801 2912 prepotentibus
821 2837 937 2909 litteris,
957 2835 986 2894 in
1009 2834 1112 2909 quibus
1134 2836 1262 2904 dicatur,
1283 2832 1353 2908 qued

205 2941 363 3015 Vergerlus
382 2942 563 3002 consiliarius
585 2949 639 3001 eto.
666 2943 745 3002 rodit
770 2944 799 3000 in
820 2941 964 3002 Ithaetienr
988 2957 1042 3015 pro
1063 2939 1123 2998 suis
1150 2941 1284 3012 negotiis,
1313 2955 1352 2997 ro-

206 3045 319 3106 diturus
339 3039 507 3121 propediem
518 3057 538 3104 ⁸.

285 3150 369 3223 Puto,
391 3168 435 3209 nne
456 3167 622 3210 mansorum
643 3165 733 3224 usquc
755 3151 792 3210 ed
813 3157 926 3224 tempos
939 3150 1043 3222 dicetne,
1066 3165 1131 3224 quoe
1144 3147 1196 3208 fiet
1210 3149 1351 3208 adoscen-

206 3256 316 3314 eicuem
331 3255 455 3315 Domini.
487 3257 583 3329 Quoue
605 3257 709 3314 absens
730 3254 851 3315 monebo
873 3255 966 3314 tribus
981 3253 1136 3313 mensibus.
1168 3254 1352 3328 AgetVestru

208 3357 366 3429 Oelsitudo,
387 3365 421 3419 ut
435 3360 513 3420 Deus
533 3361 613 3420 illem
633 3377 684 3420 suo
705 3359 809 3434 spirito
830 3359 958 3418 monebit
979 3359 1045 3434 (pro
1062 3375 1115 3417 sno
1129 3357 1264 3435 pietate).
1295 3358 1372 3430 Ego·

208 3471 288 3526 certe
317 3481 388 3539 opus
415 3463 552 3526 haberem
580 3466 677 3540 ulique
708 3467 938 3538 sustentatione,
976 3465 1028 3523 sed
1062 3463 1113 3524 fiet
1138 3463 1274 3523 voluutas
1300 3463 1351 3520 llo·

207 3571 278 3630 mini
286 3568 308 3628 1.

283 3675 357 3733 item
387 3675 461 3748 dixi,
493 3689 538 3732 me
566 3673 675 3734 hebere
703 3676 733 3732 in
754 3675 858 3744 enimc,
890 3677 1025 3747 nepotem
1050 3673 1165 3730 interce
1184 3673 1215 3730 in
1236 3669 1350 3732 Gellium

207 3781 333 3851 mittere,
359 3779 403 3838 oui
420 3781 526 3839 Vestra
546 3779 743 3837 Illustrissirne
763 3778 913 3836 Celsitudc
934 3777 1085 3851 deputavit
1105 3782 1173 3836 ente
1194 3782 1260 3836 octo
1280 3791 1349 3834 men·

207 3902 253 3944 ses
273 3883 399 3943 florenos
421 3884 569 3954 ducentos,
590 3889 623 3942 ut
642 3885 672 3941 in
694 3882 817 3942 Gellium
837 3889 903 3951 cet,
925 3883 986 3940 illie
1002 3883 1071 3954 jore
1091 3881 1240 3940 consultos
1261 3880 1350 3938 audiet

207 3995 237 4050 et
257 3988 377 4063 gradum
399 3987 566 4048 doctoratus
587 3995 689 4046 sumet.
731 3987 802 4046 (lum
827 3987 881 4044 hoc
901 3987 991 4060 igitur
1010 4002 1076 4044 meo
1097 3992 1204 4060 nepote
1226 3985 1348 4044 rideren-

206 4101 255 4156 tur
274 4095 423 4154 mittendae
444 4093 481 4153 ed
502 4093 716 4153 serenissimum
738 4093 876 4152 Nororr'ae
897 4101 997 4164 regern
1018 4092 1140 4162 littoreo,
1167 4107 1288 4164 quorum
1306 4089 1349 4148 mi·

206 4206 326 4262 ιιιιιιιιιιο
346 4200 463 4272 concepi
484 4199 537 4260 sub
557 4215 680 4258 censure
699 4197 904 4258 illustrissime
925 4195 1113 4256 Oelsitudinis
1132 4195 1255 4256 Vestem.

284 4306 357 4366 Item
378 4321 441 4365 oum
462 4311 531 4365 onte
552 4310 617 4365 octo
638 4319 751 4364 meuses
772 4291 833 4364 deti
852 4300 962 4362 tuerint
983 4301 1078 4362 eidem
1097 4317 1163 4362 mec
1179 4299 1277 4375 nepoti
1293 4313 1348 4356 ceu·

207 4417 268 4471 tum
288 4409 415 4470 llorenid
444 4409 490 4487 (ut
516 4409 602 4485 dixi),
632 4413 803 4470 reverenter
823 4407 972 4484 supplico,
999 4411 1032 4466 ιιι
1051 4407 1248 4468 Illustrissimu
1268 4401 1347 4464 celsi·
