2862 5080
600 355 664 416 423

599 603 666 658 209.

365 725 489 810 Verger
512 745 554 788 an
577 723 698 809 herzog
721 722 907 810 christoph.

440 846 590 920 ratingen
613 849 627 902 1
650 846 718 904 luni
741 847 825 904 1564.

132 961 212 1024 Rath,
227 959 324 1014 seinen
338 958 430 1013 neffen
442 957 569 1012 Aurelius
582 956 721 1012 ebermals
736 957 808 1013 nach
819 956 1009 1012 Graubiindeu
1021 977 1054 1012 au
1067 957 1208 1014 schicken.

141 1058 337 1117 illustrissime
358 1057 496 1128 Princeps
517 1061 547 1114 at
567 1056 690 1115 Domine
713 1056 835 1115 Domine
857 1055 1098 1116 clementissimel

139 1163 223 1220 Venit
252 1162 290 1219 ad
310 1161 536 1220 illustrissimam
557 1159 765 1220 celsitudinem
788 1161 923 1220 Vestram
944 1160 1105 1220 Aurelius¹
1128 1177 1210 1221 maus

73 1281 160 1338 nepos,
181 1267 230 1340 qui
251 1281 326 1322 nuno
345 1263 434 1324 rediit
455 1282 490 1322 ex
513 1263 642 1336 Rhaetia3
665 1263 796 1322 narrabit
815 1263 880 1336 ille,
902 1282 966 1338 quae
986 1267 1059 1324 vidit
1079 1272 1108 1325 et
1128 1266 1210 1324 audi-

72 1371 115 1441 vit,
135 1370 219 1428 eredo
241 1387 298 1428 non
320 1368 537 1428 contemnenda.
579 1367 727 1428 venissem
749 1373 878 1442 egomet,
905 1369 956 1428 sed
976 1370 1070 1428 adbuo
1090 1386 1136 1430 me
1156 1371 1208 1428 im-

71 1475 143 1548 pedit
168 1475 303 1534 valetudo
330 1475 423 1533 minus
450 1491 601 1546 prospera,
627 1472 677 1532 fiat
697 1474 829 1532 voluntas
849 1473 972 1532 Domini.
1013 1473 1112 1532 Meum
1140 1490 1206 1534 con·

70 1580 155 1638 silium
175 1585 220 1638 est
240 1584 420 1650 reverenter,
441 1585 475 1638 ιι1
489 1577 638 1637 Celsitudo
651 1576 756 1636 Vestra
768 1578 843 1636 hune
863 1579 1004 1649 remittat,
1024 1577 1125 1637 audiat
1139 1593 1208 1636 vero

70 1700 168 1743 causas.
208 1685 299 1744 Novit
318 1685 467 1757 negotium
496 1689 596 1743 exacte
624 1682 670 1762 (ut
696 1682 765 1740 mibi
793 1681 933 1758 videtur);
967 1688 1053 1742 notus
1079 1688 1124 1741 est
1147 1683 1209 1755 ipso

70 1789 230 1862 primoribus
252 1787 483 1848 totiustaetise
504 1785 670 1860 etquidem
697 1786 868 1856 domestice,
896 1787 1034 1858 imprimis
1058 1786 1208 1859 magnifico

71 1892 94 1952 d.
112 1893 205 1965 iegato
228 1887 416 1962 Gallorum⁸,
446 1893 477 1949 et
504 1891 557 1950 hoo
582 1893 670 1963 oaput
690 1895 746 1960 est;
775 1894 861 1948 notus
881 1895 1025 1962 praterea
1045 1891 1208 1964 pastoribus

68 1999 202 2070 plurimis,
236 2014 253 2056 e
282 2013 403 2072 quorum
430 1993 559 2054 manibus
587 2001 674 2068 atque
700 2009 751 2052 ore
772 1995 880 2067 pendet
901 2000 963 2053 tota
984 1977 1079 2052 causa.
1121 1995 1209 2054 Venit

67 2101 170 2176 legatus
190 2103 267 2162 alius
288 2103 365 2173 regis
384 2103 599 2176 Hispaniarum,
621 2101 669 2174 qni
686 2102 748 2174 jem
769 2099 864 2159 (luriae
879 2099 1048 2160 Rhaetorum
1068 2100 1207 2172 subsistit,

68 2207 223 2280 quiquidem
251 2212 295 2266 est
321 2223 441 2280 magnus
462 2209 521 2281 vir,
550 2213 582 2266 ut
602 2208 699 2278 mirer,
722 2212 833 2265 tanturn
861 2205 950 2264 luisse
977 2205 1093 2263 missum
1121 2203 1157 2262 ad
1178 2203 1207 2263 d.

66 2310 181 2371 11111111,
222 2313 375 2371 Postremo
401 2315 527 2384 aguntur
552 2325 600 2368 res
619 2325 730 2383 magnae
751 2309 787 2368 dc
809 2311 896 2368 armis
917 2307 1027 2369 scilieet
1048 2305 1207 2384 capiundis,

68 2419 155 2475 omnia
173 2419 240 2476 loca
261 2419 320 2476 illic
339 2417 427 2475 armis
447 2420 567 2474 sentent.
608 2415 641 2474 In
655 2431 771 2474 summa
797 2413 1039 2473 consultissimum
1064 2416 1206 2486 putarem,

66 2521 86 2576 si
103 2521 148 2578 ille
168 2523 232 2594 ipse
255 2537 344 2596 nepos
365 2523 424 2580 illio
445 2527 671 2580 commoraretur
688 2520 863 2594 aliquamdiu
879 2535 943 2578 meo
958 2520 1030 2590 loco,
1051 2532 1207 2590 conseque·

65 2627 139 2681 retur
162 2622 276 2683 fructus
302 2623 378 2682 haud
405 2625 492 2684 dubie
521 2631 551 2683 et
580 2639 636 2682 non
664 2639 767 2697 parvos
799 2625 949 2701 (quantum
975 2638 1029 2696 ego
1050 2623 1206 2698 existimo),

66 2732 135 2785 certe
155 2729 250 2787 multa
270 2735 461 2798 concurrunt,
493 2745 557 2802 quse
583 2734 716 2798 monent,
747 2734 780 2788 nt
800 2728 878 2786 istud
899 2727 995 2786 iaciat.
1038 2727 1207 2786 clanculum

65 2838 134 2890 esset
153 2833 322 2901 mittendus,
344 2849 438 2906 neque
460 2833 536 2891 enim
557 2849 629 2905 opus
643 2838 687 2892 est
703 2835 760 2891 ulla
772 2835 976 2906 ostentatione,
997 2839 1109 2892 tantum
1129 2837 1208 2890 esset

68 2939 231 3010 monendus,
260 2943 291 2996 ut
311 2937 451 2998 scriberet
472 2939 581 3011 omnia,
610 2955 674 3012 qua
694 2937 774 3011 fient,
796 2939 883 2998 etiam
904 2955 957 3012 per
984 2938 1115 3010 proprios
1135 2951 1206 2994 nun·

64 3041 122 3111 lios,
142 3059 175 3102 ao
195 3049 230 3101 ut
251 3043 367 3101 interim
390 3040 534 3099 dominum
555 3041 682 3112 legatum
702 3047 732 3098 et
753 3041 883 3100 dominos
904 3039 1056 3098 eonsules⁸
1074 3042 1207 3097 moneret

65 3144 96 3203 de
115 3147 164 3220 iis,
191 3163 258 3221 quae
280 3145 334 3204 sibi
357 3147 540 3217 viderentur,
567 3145 718 3204 audiretur
739 3147 814 3204 enim
835 3145 969 3204 libenter.
1010 3144 1143 3216 Impense
1162 3141 1175 3199 f
1194 3169 1206 3186 ·

62 3255 123 3310 tura
142 3258 186 3311 eat
206 3252 371 3320 mediocris,
391 3251 449 3307 imo
472 3251 566 3308 tenuis
587 3251 683 3308 etiam.

134 3357 196 3430 Ego
218 3355 283 3415 eam
304 3353 381 3414 ferre
402 3354 525 3428 amplius
554 3371 682 3428 nequeo,
711 3355 764 3414 tuli
794 3355 899 3422 semel,
926 3351 977 3410 sed
1007 3351 1207 3411 illustrissime

64 3460 204 3522 Gelsitudo
226 3463 334 3521 Vestra
354 3459 492 3528 conferat,
514 3467 653 3534 quantum
673 3460 716 3518 illi
736 3459 866 3530 videtur,
897 3463 929 3515 ut
948 3457 1040 3529 possit
1059 3457 1206 3525 resistcre,

63 3567 131 3638 quod
152 3583 250 3642 spero,
270 3566 349 3624 illam
369 3563 511 3623 facturam
532 3581 604 3636 esse,
626 3581 691 3623 narn
704 3565 773 3623 mibi
790 3565 905 3624 videtur
919 3563 1089 3620 necessarie.
1120 3561 1206 3619 Mitto

63 3667 141 3738 plura
162 3670 271 3736 dicere,
293 3669 398 3726 Vestra
419 3667 551 3726 voluntas
570 3665 629 3726 fiat.

135 3775 199 3833 Non
221 3775 357 3845 dicerem,
379 3775 403 3832 si
423 3787 470 3831 res
490 3771 741 3846 haberetaliquid
763 3770 853 3844 dubii,
875 3773 927 3832 sed
948 3769 1205 3844 audioaiiirmare,

63 3895 120 3938 cum
140 3881 304 3939 certissima
323 3880 369 3937 111.
411 3880 550 3938 Dominus
571 3875 779 3950 astringeris*
799 3877 885 3936 offert
914 3893 949 3935 ex
977 3878 1071 3936 animo
1093 3893 1206 3936 omnem

625 3983 640 4017 *

128 4063 142 4116 1
161 4062 188 4116 S.
208 4080 236 4116 n.
255 4063 315 4116 205.
335 4063 395 4116 221.
414 4061 473 4116 223.
510 4061 632 4116 October
650 4077 709 4114 wer
727 4077 756 4114 er
776 4059 878 4116 wieder
896 4060 1006 4116 zuriiek.

127 4148 350 4213 attellanae.
370 4166 396 4201 n.
416 4149 475 4202 204.

128 4237 144 4289 3
162 4235 328 4290 Ambrosius
346 4234 447 4300 Marti,
467 4235 514 4290 bei
533 4234 667 4289 welchem
686 4236 793 4304 Vergcr
812 4233 990 4305 gawdhnlioh
1009 4233 1127 4302 abstieg,
1148 4232 1205 4286 und

61 4319 200 4378 lebannes
220 4323 379 4380 Tscharner
395 4340 490 4380 waren
509 4323 555 4381 die
575 4323 643 4378 zuei
661 4322 879 4394 biirgermeister
896 4339 951 4390 rou
970 4321 1052 4378 Ohur.

126 4410 142 4464 1
161 4410 187 4466 S.
208 4429 236 4466 n.
256 4413 315 4468 111.
