2884 5074
755 349 819 410 474
1296 342 1352 398 lati

215 521 297 574 terea
318 521 465 575 commotae
487 515 603 574 fuerunt
624 517 704 574 nrirae
726 515 874 590 tragcnrliae
895 515 931 574 cle
952 517 1015 587 ipso
1037 515 1192 586 Scalichio,
1219 522 1351 590 tamquam

213 621 249 678 de
271 620 400 692 homine,
433 621 481 693 qui
503 621 591 678 multa
613 622 648 678 de
670 637 701 679 se
723 623 894 680 mentiretur
920 629 950 680 et
975 624 1065 680 multa
1092 623 1228 679 misceret
1255 622 1351 691 odiosa,

211 725 253 783 ita
273 732 305 782 nt
331 744 348 784 a
370 713 483 784 Caesare
515 727 574 784 siue
596 727 794 785 Maiimlliano
822 726 911 785 iuuerit
943 727 1107 799 appellatus
1134 727 1287 785 bastardus
1316 726 1353 801 (nt

211 835 290 903 puto,
313 847 376 888 eum
399 829 474 904 esse)
497 835 525 888 et
545 827 712 889 falsificatur
734 831 958 903 privilegiorum.
991 830 1118 888 Maxima
1139 832 1218 888 iuter
1237 831 1353 903 reliquos

211 935 319 1006 injuria
338 935 434 992 affecit
455 939 627 1005 generosum
649 936 676 994 cl.
698 935 879 1008 Ungnadinm
898 937 920 1004 ¹,
948 953 965 991 a
991 952 1047 1008 qno
1076 953 1163 994 aursus
1190 941 1233 992 est
1253 942 1352 1007 petere,

211 1045 243 1096 ut
264 1039 318 1096 sibi
340 1040 545 1098 restitueretur
567 1045 630 1112 ejus
652 1041 711 1097 lilia
731 1041 760 1098 in
783 1058 910 1112 uxorem,
932 1042 1055 1098 innuens
1078 1059 1108 1097 se
1130 1058 1194 1097 cum
1215 1041 1267 1097 illa
1286 1041 1353 1097 clan-
1426 1071 1427 1074 =

211 1144 307 1200 culum
328 1145 521 1215 contraxisse,
551 1161 606 1217 quo
634 1153 764 1218 ternpore
794 1147 881 1204 etiam
907 1145 1134 1204 illustrissimam
1157 1145 1353 1203 Celsitncliuen

211 1249 343 1308 Vestram
364 1265 450 1308 ansus
472 1255 516 1308 est
537 1249 572 1304 eu
594 1248 709 1320 nuptias
730 1264 782 1320 per
803 1249 916 1308 litteras
937 1250 1068 1306 invitare.
1099 1249 1296 1306 Praetermitto
1317 1264 1354 1304 re·

212 1356 289 1428 liqna
305 1354 341 1412 ab
355 1355 416 1428 ipso
428 1353 570 1413 Scalichio
586 1360 762 1427 perpetrata,
784 1371 872 1412 unum
889 1353 941 1410 lroc
957 1353 1088 1422 dixerim,
1109 1353 1190 1407 illum
1206 1351 1236 1407 in
1247 1350 1355 1408 Prnssia
1426 1407 1427 1410 ,

213 1457 338 1514 onruinm
361 1463 459 1514 contra
487 1472 518 1514 se
548 1457 614 1514 odic
641 1457 812 1522 concitasse,
845 1462 874 1510 ct
900 1455 963 1526 ejm
990 1454 1190 1512 adversarium
1212 1454 1354 1513 Albertnm
1426 1489 1427 1502 κ

213 1561 362 1618 Trussinm
385 1560 509 1618 nobilem
520 1561 679 1620 Prntennm
700 1561 751 1634 tcle
774 1577 830 1632 qno
852 1559 983 1617 fortassis
1004 1559 1354 1618 IllustrissimaCelsitndo
1426 1567 1427 1634 ξ

212 1666 317 1724 Vestra
338 1671 424 1724 antea
444 1665 567 1740 audivit)
593 1666 630 1724 ad
654 1665 796 1724 Caesarem
819 1673 848 1726 et
869 1665 1080 1724 serenissimum
1102 1661 1295 1722 Rom'cuornm
1315 1680 1354 1721 re·
1426 1645 1427 1648 Ἴ

211 1787 274 1841 gem
297 1785 358 1827 esse
380 1768 549 1842 profectum,
571 1777 604 1826 ut
625 1769 810 1840 probationes
832 1775 926 1828 certas
947 1775 977 1827 et
996 1767 1238 1835 firmasadferat,
1260 1767 1354 1840 quibus
1426 1767 1427 1844 l

213 1874 387 1932 Scalichinm
408 1892 465 1934 non
487 1892 549 1934 esse
571 1876 673 1946 talem,
695 1876 808 1948 qualem
831 1891 893 1934 esse
915 1891 945 1932 se
967 1875 1051 1940 dicit,
1073 1873 1186 1946 probet.
1229 1873 1289 1930 Neo
1308 1872 1354 1929 dn·

214 1979 292 2038 bium
313 1987 366 2049 est,
388 1981 477 2050 illum,
500 1981 575 2053 qnocl
597 1986 686 2052 optat,
707 1979 899 2038 inuenturum.
934 1961 1060 2036 Nam'ex
1082 1977 1233 2050 magnifico
1255 1979 1280 2036 cl.
1301 1978 1354 2036 Uu-

215 2085 320 2157 gnaclio
341 2085 481 2153 intellexi,
502 2100 673 2156 generosum
696 2085 920 2155 ctLudovicnm,
943 2099 1001 2140 suar
1023 2081 1244 2154 magnificentiae
1264 2081 1354 2148 filium,

213 2189 271 2246 tale
293 2190 360 2262 qnicl
382 2190 419 2247 ad
440 2207 519 2248 suam
551 2189 792 2262 magnificentiam
820 2189 981 2260 scripsisse,
1011 2175 1119 2261 quaesi
1141 2187 1233 2245 bonus
1254 2187 1280 2244 cl.
1300 2186 1354 2244 llu-

211 2294 333 2365 guadius
353 2300 440 2354 antea
461 2295 642 2362 rescivisset,
675 2295 817 2353 hominem
839 2293 1049 2352 defendendum
1080 2300 1110 2352 et
1137 2293 1353 2366 promovendum

211 2416 356 2473 nnnquam
368 2401 540 2472 suscepisset
554 2401 650 2475 (sicuti
663 2401 759 2472 credo,
777 2402 840 2472 ejus
857 2375 1097 2473 magnificentiam
1115 2400 1175 2472 jam
1197 2395 1353 2470 poenitere).

199 2573 201 2578 ,
290 2505 354 2562 Jnm
374 2505 411 2562 ad
435 2522 505 2563 rom.
548 2503 619 2564 Cum
640 2505 798 2564 Scallabius
819 2505 881 2578 ipse
903 2505 1167 2571 animadverteret,
1199 2519 1230 2560 se
1251 2503 1280 2560 iu
1300 2507 1354 2559 tota

212 2609 330 2668 Prussia
349 2608 494 2668 infamiam
516 2609 678 2668 subiturum
700 2609 790 2684 (quod
817 2627 873 2666 non
901 2607 1017 2684 evadet)
1045 2605 1169 2682 perfecit
1195 2605 1272 2677 apud
1295 2605 1352 2663 illu·

210 2713 379 2772 strissimnm
401 2715 526 2772 Prussiae
548 2714 650 2772 ducem
672 2715 730 2771 suis
752 2713 893 2784 ccrrsiliis,
922 2720 953 2770 nt
975 2712 1048 2770 alius
1069 2728 1150 2770 mens
1180 2727 1282 2784 nepos,
1313 2710 1352 2768 cui

211 2837 314 2879 nomen
334 2819 482 2879 Ludovico
504 2821 654 2892 vergerio,
677 2821 779 2877 missus
809 2818 898 2876 luerit
919 2817 1049 2891 ejusdem
1074 2817 1212 2889 principis
1239 2817 1267 2872 iu
1288 2817 1350 2874 Ger-

210 2925 333 2984 maniam
355 2925 468 2996 legatns
496 2925 573 2996 (narn
605 2924 734 2996 ejusdem
756 2924 933 2980 consiliarius
955 2928 998 2980 est
1020 2939 1083 2978 curn
1104 2921 1196 2978 tribus
1218 2921 1297 2992 equis
1315 2919 1351 2974 in-

211 3028 360 3104 serviens).

289 3134 388 3192 Bonus
409 3133 572 3192 Lndovicns
594 3132 713 3190 credens
735 3148 796 3188 rem
823 3129 898 3188 serio
920 3131 965 3202 agi
989 3137 1018 3188 et
1040 3130 1196 3186 christiane
1217 3127 1351 3200 ingressus

212 3239 302 3306 uiant,
333 3237 385 3294 ivit
405 3235 442 3292 ad
463 3235 685 3292 illustrissimum
708 3233 872 3292 Palatinum
894 3233 1049 3292 electorem
1072 3233 1169 3306 ibique
1190 3233 1350 3306 legationem

211 3341 341 3400 absolvit.
383 3339 455 3398 Cum
482 3339 587 3397 deiude
614 3339 651 3411 au
681 3338 905 3396 illustrissimam
927 3337 1133 3397 Gelsitudinem
1157 3337 1288 3396 Vestram
1311 3353 1349 3393 ac-

212 3443 347 3502 cessisset
366 3442 539 3514 legationem
561 3439 762 3512 expediturus,
792 3445 1031 3513 exspectaretque
1052 3442 1229 3500 audientiam
1249 3445 1275 3500 in
1296 3440 1349 3498 dies

214 3555 244 3608 et
265 3549 359 3615 horas,
382 3563 448 3605 ecce
470 3545 659 3618 proferuntur
680 3545 786 3602 litterae
802 3545 986 3602 illustrissimi
1001 3546 1081 3604 clucis
1097 3547 1233 3618 Prussiae,
1255 3546 1300 3620 qui
1317 3544 1348 3602 acl

214 3671 259 3712 me
280 3655 374 3726 ipsum
395 3651 522 3710 scribens
543 3650 627 3719 dicit,
659 3651 774 3716 tandem
804 3667 835 3706 se
863 3651 939 3709 nolle
967 3652 1090 3724 amplius
1117 3653 1160 3710 uti
1180 3670 1267 3726 opera
1285 3668 1347 3724 prae-

212 3758 281 3818 dicti
304 3758 459 3828 Ludovici‚
491 3763 592 3828 postea
623 3773 707 3827 qnam
736 3755 813 3812 illum
845 3763 901 3812 tam
929 3756 1015 3827 longe
1044 3757 1168 3815 irrisisset
1195 3776 1249 3814 uon
1269 3772 1345 3829 parra

212 3867 349 3936 sumptu,v
372 3861 423 3920 sed
452 3862 533 3920 illum
561 3861 701 3919 liberasse
723 3878 740 3918 a
761 3879 812 3920 sno
834 3863 970 3932 servitio,
1003 3863 1126 3921 maximo
1147 3882 1209 3922 curu
1230 3861 1344 3936 praedicti

211 3968 350 4028 Ludovici
370 3967 537 4040 praejudicio
559 3973 645 4040 atque
666 3983 738 4024 mec.
781 3967 1010 4042 Possuutenim,
1039 3969 1210 4042 quicumque
1236 3967 1344 4038 legerint

779 4107 793 4140 *
847 4113 849 4119 .

287 4219 299 4272 l
320 4219 346 4273 S.
368 4237 394 4272 n.
415 4221 457 4274 30.
494 4219 617 4288 Ungnad
636 4219 717 4273 batte
736 4220 798 4274 dem
825 4219 993 4276 schwindler
1018 4220 1089 4274 auroh
1109 4221 1191 4275 einen
1209 4219 1269 4274 sehr
1285 4231 1342 4269 war·

213 4325 275 4360 men
302 4305 575 4376 empfehlungsbriel'
598 4325 636 4362 an
664 4306 718 4360 den
747 4307 849 4378 herzog
874 4324 928 4362 von
953 4306 1081 4362 Prenllen
1108 4307 1287 4377 milgegebeu.
1318 4302 1339 4353 S·

211 4391 308 4446 archiv
327 4392 371 4444 fur
389 4393 483 4446 krrnde
502 4393 744 4449 beterreichischer
763 4393 1036 4464 geschichtsquellen
1054 4396 1097 4458 ab,
1116 4395 1166 4449 247
1185 4395 1203 4452 f.
