<?xml version="1.0" encoding="UTF-8"?>
<!DOCTYPE html PUBLIC "-//W3C//DTD XHTML 1.0 Transitional//EN"
    "http://www.w3.org/TR/xhtml1/DTD/xhtml1-transitional.dtd">
<html xmlns="http://www.w3.org/1999/xhtml" xml:lang="en" lang="en">
 <head>
  <title>
</title>
<meta http-equiv="Content-Type" content="text/html;charset=utf-8" />
  <meta name='ocr-system' content='tesseract 3.04.00' />
  <meta name='ocr-capabilities' content='ocr_page ocr_carea ocr_par ocr_line ocrx_word'/>
</head>
<body>
  <div class='ocr_page' id='page_1' title='image "./briefwechselzwi01verggoog/briefwechselzwi01verggoog_0277.png"; bbox 0 0 2830 5072; ppageno 0'>
   <div class='ocr_carea' id='block_1_1' title="bbox 750 335 813 403">
    <p class='ocr_par' dir='ltr' id='par_1_1' title="bbox 750 335 813 403">
     <span class='ocr_line' id='line_1_1' title="bbox 750 335 813 403; baseline 0 -3"><span class='ocrx_word' id='word_1_1' title='bbox 750 335 813 403; x_wconf 76' lang='lat' dir='ltr'>tec</span> 
     </span>
    </p>
   </div>
   <div class='ocr_carea' id='block_1_2' title="bbox 205 501 1407 2034">
    <p class='ocr_par' dir='ltr' id='par_1_2' title="bbox 206 501 1407 1205">
     <span class='ocr_line' id='line_1_2' title="bbox 289 501 1407 584; baseline 0.005 -22"><span class='ocrx_word' id='word_1_2' title='bbox 289 503 381 564; x_wconf 87' lang='lat' dir='ltr'>Mitto·</span> <span class='ocrx_word' id='word_1_3' title='bbox 398 504 652 578; x_wconf 74' lang='lat' dir='ltr'>Argentinensinm</span> <span class='ocrx_word' id='word_1_4' title='bbox 674 507 788 568; x_wconf 78' lang='lat' dir='ltr'><strong>litteras</strong></span> <span class='ocrx_word' id='word_1_5' title='bbox 815 510 845 566; x_wconf 93' lang='lat' dir='ltr'>in</span> <span class='ocrx_word' id='word_1_6' title='bbox 872 523 959 568; x_wconf 81' lang='lat' dir='ltr'>censu</span> <span class='ocrx_word' id='word_1_7' title='bbox 978 509 1081 568; x_wconf 90' lang='lat' dir='ltr'>Poloni</span> <span class='ocrx_word' id='word_1_8' title='bbox 1107 509 1253 584; x_wconf 83' lang='lat' dir='ltr'>ceptivt¹‚</span> <span class='ocrx_word' id='word_1_9' title='bbox 1272 509 1343 583; x_wconf 75' lang='lat' dir='ltr'>¹qnod</span> <span class='ocrx_word' id='word_1_10' title='bbox 1406 501 1407 510; x_wconf 72' lang='grc'>’</span> 
     </span>
     <span class='ocr_line' id='line_1_3' title="bbox 208 609 1343 683; baseline 0.007 -17"><span class='ocrx_word' id='word_1_11' title='bbox 208 609 357 683; x_wconf 74' lang='lat' dir='ltr'><strong>negotium</strong></span> <span class='ocrx_word' id='word_1_12' title='bbox 379 609 485 672; x_wconf 85' lang='lat' dir='ltr'>iterum</span> <span class='ocrx_word' id='word_1_13' title='bbox 512 611 679 671; x_wconf 88' lang='lat' dir='ltr'>commendo</span> <span class='ocrx_word' id='word_1_14' title='bbox 703 617 875 674; x_wconf 80' lang='lat' dir='ltr'>reverenter</span> <span class='ocrx_word' id='word_1_15' title='bbox 896 612 1069 672; x_wconf 74' lang='lat' dir='ltr'>celsitudini</span> <span class='ocrx_word' id='word_1_16' title='bbox 1089 615 1213 674; x_wconf 85' lang='lat' dir='ltr'>Vestrae.</span> <span class='ocrx_word' id='word_1_17' title='bbox 1247 615 1343 674; x_wconf 51' lang='lat' dir='ltr'>¹Memor</span> 
     </span>
     <span class='ocr_line' id='line_1_4' title="bbox 207 703 1407 791; baseline -0.002 -19"><span class='ocrx_word' id='word_1_18' title='bbox 207 729 269 772; x_wconf 91' lang='lat' dir='ltr'>smn</span> <span class='ocrx_word' id='word_1_19' title='bbox 290 712 336 788; x_wconf 87' lang='lat' dir='ltr'>(ut</span> <span class='ocrx_word' id='word_1_20' title='bbox 358 711 464 788; x_wconf 85' lang='lat' dir='ltr'>debeo)</span> <span class='ocrx_word' id='word_1_21' title='bbox 487 713 567 773; x_wconf 89' lang='lat' dir='ltr'>verbi</span> <span class='ocrx_word' id='word_1_22' title='bbox 587 713 793 772; x_wconf 71' lang='lat' dir='ltr'>Illustrissime</span> <span class='ocrx_word' id='word_1_23' title='bbox 815 713 1001 774; x_wconf 84' lang='lat' dir='ltr'>Oelsitudinis</span> <span class='ocrx_word' id='word_1_24' title='bbox 1021 715 1142 789; x_wconf 87' lang='lat' dir='ltr'>Vestrae,</span> <span class='ocrx_word' id='word_1_25' title='bbox 1163 733 1222 791; x_wconf 92' lang='lat' dir='ltr'>quo</span> <span class='ocrx_word' id='word_1_26' title='bbox 1245 717 1344 791; x_wconf 80' lang='lat' dir='ltr'>dignate</span> <span class='ocrx_word' id='word_1_27' title='bbox 1405 703 1407 770; x_wconf 80' lang='lat' dir='ltr'>l</span> 
     </span>
     <span class='ocr_line' id='line_1_5' title="bbox 207 817 1343 892; baseline 0.002 -16"><span class='ocrx_word' id='word_1_28' title='bbox 207 822 253 876; x_wconf 87' lang='lat' dir='ltr'>est</span> <span class='ocrx_word' id='word_1_29' title='bbox 273 817 380 886; x_wconf 88' lang='lat' dir='ltr'>dicere,</span> <span class='ocrx_word' id='word_1_30' title='bbox 402 817 456 876; x_wconf 87' lang='lat' dir='ltr'>sibi</span> <span class='ocrx_word' id='word_1_31' title='bbox 477 819 638 884; x_wconf 82' lang='lat' dir='ltr'>consultum</span> <span class='ocrx_word' id='word_1_32' title='bbox 662 819 770 887; x_wconf 87' lang='lat' dir='ltr'>videri,</span> <span class='ocrx_word' id='word_1_33' title='bbox 799 825 855 892; x_wconf 70' lang='lat' dir='ltr'>nt,</span> <span class='ocrx_word' id='word_1_34' title='bbox 875 819 899 877; x_wconf 92' lang='lat' dir='ltr'>si</span> <span class='ocrx_word' id='word_1_35' title='bbox 920 819 1039 880; x_wconf 89' lang='lat' dir='ltr'>uolnere</span> <span class='ocrx_word' id='word_1_36' title='bbox 1066 821 1096 878; x_wconf 90' lang='lat' dir='ltr'>in</span> <span class='ocrx_word' id='word_1_37' title='bbox 1116 821 1295 880; x_wconf 83' lang='lat' dir='ltr'>Bedensibns</span> <span class='ocrx_word' id='word_1_38' title='bbox 1312 822 1343 878; x_wconf 85' lang='lat' dir='ltr'>le·</span> 
     </span>
     <span class='ocr_line' id='line_1_6' title="bbox 208 921 1344 1000; baseline 0.003 -20"><span class='ocrx_word' id='word_1_39' title='bbox 208 935 284 994; x_wconf 84' lang='lat' dir='ltr'>vere,</span> <span class='ocrx_word' id='word_1_40' title='bbox 306 923 399 981; x_wconf 88' lang='lat' dir='ltr'>levem</span> <span class='ocrx_word' id='word_1_41' title='bbox 420 929 522 995; x_wconf 84' lang='lat' dir='ltr'>postea</span> <span class='ocrx_word' id='word_1_42' title='bbox 542 938 595 994; x_wconf 86' lang='lat' dir='ltr'>per</span> <span class='ocrx_word' id='word_1_43' title='bbox 616 921 808 995; x_wconf 80' lang='lat' dir='ltr'>quodraginta</span> <span class='ocrx_word' id='word_1_44' title='bbox 829 923 914 982; x_wconf 88' lang='lat' dir='ltr'>hores</span> <span class='ocrx_word' id='word_1_45' title='bbox 935 924 963 981; x_wconf 91' lang='lat' dir='ltr'>in</span> <span class='ocrx_word' id='word_1_46' title='bbox 984 924 1100 983; x_wconf 84' lang='lat' dir='ltr'>Ferinis</span> <span class='ocrx_word' id='word_1_47' title='bbox 1124 926 1263 998; x_wconf 85' lang='lat' dir='ltr'>thermis,</span> <span class='ocrx_word' id='word_1_48' title='bbox 1282 925 1344 1000; x_wconf 85' lang='lat' dir='ltr'>qnod</span> 
     </span>
     <span class='ocr_line' id='line_1_7' title="bbox 206 1025 1407 1118; baseline 0.002 -33"><span class='ocrx_word' id='word_1_49' title='bbox 206 1025 324 1100; x_wconf 82' lang='lat' dir='ltr'>iucicm3</span> <span class='ocrx_word' id='word_1_50' title='bbox 346 1029 429 1088; x_wconf 91' lang='lat' dir='ltr'>mitto</span> <span class='ocrx_word' id='word_1_51' title='bbox 451 1043 527 1086; x_wconf 87' lang='lat' dir='ltr'>nurnc</span> <span class='ocrx_word' id='word_1_52' title='bbox 548 1027 700 1094; x_wconf 89' lang='lat' dir='ltr'>hominem,</span> <span class='ocrx_word' id='word_1_53' title='bbox 721 1029 770 1100; x_wconf 88' lang='lat' dir='ltr'>qui</span> <span class='ocrx_word' id='word_1_54' title='bbox 791 1026 861 1086; x_wconf 87' lang='lat' dir='ltr'>mihi</span> <span class='ocrx_word' id='word_1_55' title='bbox 882 1026 1072 1087; x_wconf 85' lang='lat' dir='ltr'>diversorium</span> <span class='ocrx_word' id='word_1_56' title='bbox 1093 1029 1131 1104; x_wconf 86' lang='lat' dir='ltr'>(si</span> <span class='ocrx_word' id='word_1_57' title='bbox 1152 1029 1218 1088; x_wconf 87' lang='lat' dir='ltr'>fieri</span> <span class='ocrx_word' id='word_1_58' title='bbox 1240 1030 1344 1104; x_wconf 90' lang='lat' dir='ltr'>poterit)</span> <span class='ocrx_word' id='word_1_59' title='bbox 1406 1103 1407 1118; x_wconf 11' lang='grc' dir='ltr'>χ</span> 
     </span>
     <span class='ocr_line' id='line_1_8' title="bbox 207 1133 482 1205; baseline 0 -16"><span class='ocrx_word' id='word_1_60' title='bbox 207 1138 292 1205; x_wconf 85' lang='lat' dir='ltr'>peret</span> <span class='ocrx_word' id='word_1_61' title='bbox 313 1133 343 1190; x_wconf 91' lang='lat' dir='ltr'>in</span> <span class='ocrx_word' id='word_1_62' title='bbox 365 1133 482 1204; x_wconf 84' lang='lat' dir='ltr'>Wilpet.</span> 
     </span>
    </p>

    <p class='ocr_par' dir='ltr' id='par_1_3' title="bbox 205 1237 1346 1823">
     <span class='ocr_line' id='line_1_9' title="bbox 289 1237 1345 1314; baseline 0 -18"><span class='ocrx_word' id='word_1_63' title='bbox 289 1238 486 1298; x_wconf 87' lang='lat' dir='ltr'>Illustrissime</span> <span class='ocrx_word' id='word_1_64' title='bbox 502 1238 650 1310; x_wconf 80' lang='lat' dir='ltr'>Princeps,</span> <span class='ocrx_word' id='word_1_65' title='bbox 673 1237 793 1296; x_wconf 89' lang='lat' dir='ltr'>duorum</span> <span class='ocrx_word' id='word_1_66' title='bbox 809 1237 959 1298; x_wconf 74' lang='lat' dir='ltr'><strong>dumtaxat</strong></span> <span class='ocrx_word' id='word_1_67' title='bbox 979 1240 1152 1298; x_wconf 83' lang='lat' dir='ltr'>servitorum</span> <span class='ocrx_word' id='word_1_68' title='bbox 1175 1249 1345 1314; x_wconf 78' lang='lat' dir='ltr'>operentur,</span> 
     </span>
     <span class='ocr_line' id='line_1_10' title="bbox 209 1343 1345 1420; baseline 0.003 -19"><span class='ocrx_word' id='word_1_69' title='bbox 209 1350 240 1402; x_wconf 90' lang='lat' dir='ltr'>et</span> <span class='ocrx_word' id='word_1_70' title='bbox 260 1343 445 1402; x_wconf 87' lang='lat' dir='ltr'>nihilominus</span> <span class='ocrx_word' id='word_1_71' title='bbox 465 1359 555 1416; x_wconf 87' lang='lat' dir='ltr'>usqne</span> <span class='ocrx_word' id='word_1_72' title='bbox 583 1343 656 1401; x_wconf 89' lang='lat' dir='ltr'>edeo</span> <span class='ocrx_word' id='word_1_73' title='bbox 684 1348 751 1400; x_wconf 88' lang='lat' dir='ltr'>sunt</span> <span class='ocrx_word' id='word_1_74' title='bbox 775 1358 895 1416; x_wconf 82' lang='lat' dir='ltr'>reputes</span> <span class='ocrx_word' id='word_1_75' title='bbox 922 1343 1068 1416; x_wconf 87' lang='lat' dir='ltr'>hospites,</span> <span class='ocrx_word' id='word_1_76' title='bbox 1100 1351 1132 1403; x_wconf 91' lang='lat' dir='ltr'>ut</span> <span class='ocrx_word' id='word_1_77' title='bbox 1161 1347 1210 1402; x_wconf 84' lang='lat' dir='ltr'>vix</span> <span class='ocrx_word' id='word_1_78' title='bbox 1240 1363 1345 1420; x_wconf 88' lang='lat' dir='ltr'>sperem,</span> 
     </span>
     <span class='ocr_line' id='line_1_11' title="bbox 207 1447 1345 1520; baseline -0.002 -12"><span class='ocrx_word' id='word_1_79' title='bbox 207 1463 291 1520; x_wconf 84' lang='lat' dir='ltr'>posse</span> <span class='ocrx_word' id='word_1_80' title='bbox 319 1465 364 1506; x_wconf 88' lang='lat' dir='ltr'>me</span> <span class='ocrx_word' id='word_1_81' title='bbox 393 1450 429 1508; x_wconf 82' lang='lat' dir='ltr'>ab</span> <span class='ocrx_word' id='word_1_82' title='bbox 461 1447 518 1506; x_wconf 89' lang='lat' dir='ltr'>illis</span> <span class='ocrx_word' id='word_1_83' title='bbox 548 1449 709 1519; x_wconf 78' lang='lat' dir='ltr'>extricare,</span> <span class='ocrx_word' id='word_1_84' title='bbox 741 1451 765 1508; x_wconf 86' lang='lat' dir='ltr'>ei</span> <span class='ocrx_word' id='word_1_85' title='bbox 795 1465 840 1506; x_wconf 89' lang='lat' dir='ltr'>me</span> <span class='ocrx_word' id='word_1_86' title='bbox 863 1447 1011 1508; x_wconf 83' lang='lat' dir='ltr'>Gelsitndo</span> <span class='ocrx_word' id='word_1_87' title='bbox 1033 1449 1138 1510; x_wconf 87' lang='lat' dir='ltr'>Vestre</span> <span class='ocrx_word' id='word_1_88' title='bbox 1160 1468 1225 1510; x_wconf 62' lang='lat' dir='ltr'>‘non</span> <span class='ocrx_word' id='word_1_89' title='bbox 1248 1452 1345 1510; x_wconf 89' lang='lat' dir='ltr'>liberet.</span> 
     </span>
     <span class='ocr_line' id='line_1_12' title="bbox 208 1552 1346 1628; baseline 0.003 -17"><span class='ocrx_word' id='word_1_90' title='bbox 208 1552 343 1612; x_wconf 79' lang='lat' dir='ltr'>Ooelestis</span> <span class='ocrx_word' id='word_1_91' title='bbox 363 1554 452 1614; x_wconf 89' lang='lat' dir='ltr'>Peter</span> <span class='ocrx_word' id='word_1_92' title='bbox 471 1561 578 1627; x_wconf 78' lang='lat' dir='ltr'>engeut</span> <span class='ocrx_word' id='word_1_93' title='bbox 596 1554 640 1614; x_wconf 92' lang='lat' dir='ltr'>illi</span> <span class='ocrx_word' id='word_1_94' title='bbox 661 1570 727 1613; x_wconf 91' lang='lat' dir='ltr'>suos</span> <span class='ocrx_word' id='word_1_95' title='bbox 747 1553 860 1614; x_wconf 92' lang='lat' dir='ltr'>divinos</span> <span class='ocrx_word' id='word_1_96' title='bbox 880 1555 1047 1624; x_wconf 79' lang='lat' dir='ltr'>thesauros,</span> <span class='ocrx_word' id='word_1_97' title='bbox 1069 1557 1205 1628; x_wconf 87' lang='lat' dir='ltr'>spiritum</span> <span class='ocrx_word' id='word_1_98' title='bbox 1226 1563 1257 1615; x_wconf 90' lang='lat' dir='ltr'>et</span> <span class='ocrx_word' id='word_1_99' title='bbox 1276 1555 1346 1615; x_wconf 87' lang='lat' dir='ltr'>iden</span> 
     </span>
     <span class='ocr_line' id='line_1_13' title="bbox 205 1656 1345 1730; baseline 0.004 -16"><span class='ocrx_word' id='word_1_100' title='bbox 205 1671 259 1730; x_wconf 90' lang='lat' dir='ltr'>per</span> <span class='ocrx_word' id='word_1_101' title='bbox 281 1656 426 1717; x_wconf 84' lang='lat' dir='ltr'>Ghristnm</span> <span class='ocrx_word' id='word_1_102' title='bbox 445 1658 591 1718; x_wconf 88' lang='lat' dir='ltr'>dominum</span> <span class='ocrx_word' id='word_1_103' title='bbox 620 1665 762 1730; x_wconf 89' lang='lat' dir='ltr'>nostrum,</span> <span class='ocrx_word' id='word_1_104' title='bbox 791 1659 837 1716; x_wconf 90' lang='lat' dir='ltr'>oui</span> <span class='ocrx_word' id='word_1_105' title='bbox 856 1658 970 1718; x_wconf 88' lang='lat' dir='ltr'>Vestree</span> <span class='ocrx_word' id='word_1_106' title='bbox 997 1658 1170 1719; x_wconf 79' lang='lat' dir='ltr'>Celsitudini</span> <span class='ocrx_word' id='word_1_107' title='bbox 1192 1661 1345 1720; x_wconf 90' lang='lat' dir='ltr'>commendo</span> 
     </span>
     <span class='ocr_line' id='line_1_14' title="bbox 207 1769 452 1823; baseline 0.016 -5"><span class='ocrx_word' id='word_1_108' title='bbox 207 1777 253 1820; x_wconf 93' lang='lat' dir='ltr'>mc</span> <span class='ocrx_word' id='word_1_109' title='bbox 274 1769 452 1823; x_wconf 85' lang='lat' dir='ltr'>reverenter.</span> 
     </span>
    </p>

    <p class='ocr_par' dir='ltr' id='par_1_4' title="bbox 286 1867 778 1935">
     <span class='ocr_line' id='line_1_15' title="bbox 286 1867 778 1935; baseline -0.006 -9"><span class='ocrx_word' id='word_1_110' title='bbox 286 1867 394 1935; x_wconf 79' lang='lat' dir='ltr'>Datum</span> <span class='ocrx_word' id='word_1_111' title='bbox 416 1867 504 1927; x_wconf 80' lang='lat' dir='ltr'>Bedae</span> <span class='ocrx_word' id='word_1_112' title='bbox 525 1867 577 1926; x_wconf 86' lang='lat' dir='ltr'>XV</span> <span class='ocrx_word' id='word_1_113' title='bbox 599 1867 671 1926; x_wconf 87' lang='lat' dir='ltr'>Meli</span> <span class='ocrx_word' id='word_1_114' title='bbox 694 1870 778 1926; x_wconf 84' lang='lat'>1561.</span> 
     </span>
    </p>

    <p class='ocr_par' dir='ltr' id='par_1_5' title="bbox 435 1971 1125 2034">
     <span class='ocr_line' id='line_1_16' title="bbox 435 1971 1125 2034; baseline -0.004 0"><span class='ocrx_word' id='word_1_115' title='bbox 435 1971 622 2034; x_wconf 79' lang='lat' dir='ltr'>Celsitudinis</span> <span class='ocrx_word' id='word_1_116' title='bbox 643 1973 754 2031; x_wconf 83' lang='lat' dir='ltr'>Vestrae</span> <span class='ocrx_word' id='word_1_117' title='bbox 775 1971 980 2032; x_wconf 77' lang='lat' dir='ltr'>Illustrissime</span> <span class='ocrx_word' id='word_1_118' title='bbox 1001 1976 1125 2032; x_wconf 88' lang='lat' dir='ltr'>servitor</span> 
     </span>
    </p>
   </div>
   <div class='ocr_carea' id='block_1_3' title="bbox 208 2101 1346 2266">
    <p class='ocr_par' dir='ltr' id='par_1_6' title="bbox 208 2101 1346 2266">
     <span class='ocr_line' id='line_1_17' title="bbox 281 2101 1346 2167; baseline -0.003 -6"><span class='ocrx_word' id='word_1_119' title='bbox 281 2103 466 2162; x_wconf 84' lang='lat' dir='ltr'>Unterechrilt</span> <span class='ocrx_word' id='word_1_120' title='bbox 483 2103 572 2167; x_wconf 82' lang='lat' dir='ltr'>fehlt,</span> <span class='ocrx_word' id='word_1_121' title='bbox 601 2103 637 2157; x_wconf 88' lang='lat' dir='ltr'>de</span> <span class='ocrx_word' id='word_1_122' title='bbox 663 2101 709 2156; x_wconf 90' lang='lat' dir='ltr'>die</span> <span class='ocrx_word' id='word_1_123' title='bbox 734 2104 833 2156; x_wconf 80' lang='lat' dir='ltr'>untes-e</span> <span class='ocrx_word' id='word_1_124' title='bbox 862 2101 957 2157; x_wconf 87' lang='lat' dir='ltr'>rechte</span> <span class='ocrx_word' id='word_1_125' title='bbox 982 2103 1052 2158; x_wconf 84' lang='lat' dir='ltr'>ecke</span> <span class='ocrx_word' id='word_1_126' title='bbox 1076 2105 1123 2160; x_wconf 88' lang='lat' dir='ltr'>des</span> <span class='ocrx_word' id='word_1_127' title='bbox 1149 2105 1256 2160; x_wconf 84' lang='lat' dir='ltr'>blattes</span> <span class='ocrx_word' id='word_1_128' title='bbox 1273 2105 1346 2159; x_wconf 86' lang='lat' dir='ltr'>durch</span> 
     </span>
     <span class='ocr_line' id='line_1_18' title="bbox 208 2192 520 2266; baseline -0.013 -16"><span class='ocrx_word' id='word_1_129' title='bbox 208 2197 305 2252; x_wconf 90' lang='lat' dir='ltr'>moder</span> <span class='ocrx_word' id='word_1_130' title='bbox 325 2192 520 2266; x_wconf 77' lang='lat' dir='ltr'>weggefellen.</span> 
     </span>
    </p>
   </div>
   <div class='ocr_carea' id='block_1_4' title="bbox 750 2446 816 2504">
    <p class='ocr_par' dir='ltr' id='par_1_7' title="bbox 750 2446 816 2504">
     <span class='ocr_line' id='line_1_19' title="bbox 750 2446 816 2504; baseline 0.03 -2"><span class='ocrx_word' id='word_1_131' title='bbox 750 2446 816 2504; x_wconf 85' lang='lat'>114.</span> 
     </span>
    </p>
   </div>
   <div class='ocr_carea' id='block_1_5' title="bbox 509 2577 1049 2667">
    <p class='ocr_par' dir='ltr' id='par_1_8' title="bbox 509 2577 1049 2667">
     <span class='ocr_line' id='line_1_20' title="bbox 509 2577 1049 2667; baseline -0.004 -21"><span class='ocrx_word' id='word_1_132' title='bbox 509 2580 634 2667; x_wconf 82' lang='lat' dir='ltr'>Verger</span> <span class='ocrx_word' id='word_1_133' title='bbox 657 2601 698 2644; x_wconf 88' lang='lat' dir='ltr'>en</span> <span class='ocrx_word' id='word_1_134' title='bbox 721 2578 841 2665; x_wconf 82' lang='lat' dir='ltr'>herzog</span> <span class='ocrx_word' id='word_1_135' title='bbox 865 2577 1049 2663; x_wconf 80' lang='lat' dir='ltr'>Christoph.</span> 
     </span>
    </p>
   </div>
   <div class='ocr_carea' id='block_1_6' title="bbox 608 2710 957 2801">
    <p class='ocr_par' dir='ltr' id='par_1_9' title="bbox 608 2710 957 2801">
     <span class='ocr_line' id='line_1_21' title="bbox 608 2710 957 2801; baseline -0.003 -32"><span class='ocrx_word' id='word_1_136' title='bbox 608 2710 710 2801; x_wconf 75' lang='lat' dir='ltr'>sacen</span> <span class='ocrx_word' id='word_1_137' title='bbox 730 2713 769 2769; x_wconf 85' lang='lat' dir='ltr'>eo</span> <span class='ocrx_word' id='word_1_138' title='bbox 789 2711 850 2770; x_wconf 75' lang='lat' dir='ltr'>Mar</span> <span class='ocrx_word' id='word_1_139' title='bbox 873 2712 957 2769; x_wconf 83' lang='lat'>1561.</span> 
     </span>
    </p>
   </div>
   <div class='ocr_carea' id='block_1_7' title="bbox 204 2826 1405 4030">
    <p class='ocr_par' dir='ltr' id='par_1_10' title="bbox 205 2826 1349 2994">
     <span class='ocr_line' id='line_1_22' title="bbox 275 2826 1349 2906; baseline -0.007 -13"><span class='ocrx_word' id='word_1_140' title='bbox 275 2826 350 2895; x_wconf 76' lang='lat' dir='ltr'>Uber</span> <span class='ocrx_word' id='word_1_141' title='bbox 368 2837 450 2894; x_wconf 89' lang='lat' dir='ltr'>einen</span> <span class='ocrx_word' id='word_1_142' title='bbox 468 2832 711 2905; x_wconf 78' lang='lat' dir='ltr'>pcrtugiesischen</span> <span class='ocrx_word' id='word_1_143' title='bbox 730 2832 860 2898; x_wconf 72' lang='lat' dir='ltr'>munirer,</span> <span class='ocrx_word' id='word_1_144' title='bbox 880 2832 929 2888; x_wconf 93' lang='lat' dir='ltr'>der</span> <span class='ocrx_word' id='word_1_145' title='bbox 949 2850 986 2888; x_wconf 83' lang='lat' dir='ltr'>en</span> <span class='ocrx_word' id='word_1_146' title='bbox 1005 2832 1108 2902; x_wconf 79' lang='lat' dir='ltr'>herzog</span> <span class='ocrx_word' id='word_1_147' title='bbox 1126 2831 1294 2906; x_wconf 78' lang='lat' dir='ltr'>christophe</span> <span class='ocrx_word' id='word_1_148' title='bbox 1309 2833 1349 2889; x_wconf 91' lang='lat' dir='ltr'>hol</span> 
     </span>
     <span class='ocr_line' id='line_1_23' title="bbox 205 2927 1038 2994; baseline -0.01 -4"><span class='ocrx_word' id='word_1_149' title='bbox 205 2935 264 2994; x_wconf 90' lang='lat' dir='ltr'>sich</span> <span class='ocrx_word' id='word_1_150' title='bbox 281 2936 369 2990; x_wconf 83' lang='lat' dir='ltr'>hdren</span> <span class='ocrx_word' id='word_1_151' title='bbox 386 2935 480 2989; x_wconf 81' lang='lat' dir='ltr'>lescen</span> <span class='ocrx_word' id='word_1_152' title='bbox 499 2929 566 2984; x_wconf 87' lang='lat' dir='ltr'>oder</span> <span class='ocrx_word' id='word_1_153' title='bbox 584 2928 614 2984; x_wconf 87' lang='lat' dir='ltr'>in</span> <span class='ocrx_word' id='word_1_154' title='bbox 633 2929 729 2985; x_wconf 87' lang='lat' dir='ltr'>seinen</span> <span class='ocrx_word' id='word_1_155' title='bbox 748 2927 840 2984; x_wconf 88' lang='lat' dir='ltr'>dienst</span> <span class='ocrx_word' id='word_1_156' title='bbox 857 2929 951 2984; x_wconf 84' lang='lat' dir='ltr'>treten</span> <span class='ocrx_word' id='word_1_157' title='bbox 970 2927 1038 2984; x_wconf 85' lang='lat' dir='ltr'>will.</span> 
     </span>
    </p>

    <p class='ocr_par' dir='ltr' id='par_1_11' title="bbox 282 3030 1253 3102">
     <span class='ocr_line' id='line_1_24' title="bbox 282 3030 1253 3102; baseline -0.004 -12"><span class='ocrx_word' id='word_1_158' title='bbox 282 3033 479 3092; x_wconf 90' lang='lat' dir='ltr'>Illustrissime</span> <span class='ocrx_word' id='word_1_159' title='bbox 502 3031 641 3102; x_wconf 86' lang='lat' dir='ltr'>Princeps</span> <span class='ocrx_word' id='word_1_160' title='bbox 663 3036 693 3087; x_wconf 91' lang='lat' dir='ltr'>et</span> <span class='ocrx_word' id='word_1_161' title='bbox 715 3030 836 3088; x_wconf 89' lang='lat' dir='ltr'>Domine</span> <span class='ocrx_word' id='word_1_162' title='bbox 858 3030 980 3088; x_wconf 91' lang='lat' dir='ltr'>Domine</span> <span class='ocrx_word' id='word_1_163' title='bbox 1003 3030 1253 3089; x_wconf 78' lang='lat' dir='ltr'>clementissime!</span> 
     </span>
    </p>

    <p class='ocr_par' dir='ltr' id='par_1_12' title="bbox 204 3133 1405 3538">
     <span class='ocr_line' id='line_1_25' title="bbox 284 3133 1348 3216; baseline -0.004 -20"><span class='ocrx_word' id='word_1_164' title='bbox 284 3137 356 3196; x_wconf 86' lang='lat' dir='ltr'>Gum</span> <span class='ocrx_word' id='word_1_165' title='bbox 375 3135 574 3195; x_wconf 87' lang='lat' dir='ltr'>Illustrissime</span> <span class='ocrx_word' id='word_1_166' title='bbox 592 3133 742 3193; x_wconf 77' lang='lat' dir='ltr'>celsitudo</span> <span class='ocrx_word' id='word_1_167' title='bbox 757 3135 864 3193; x_wconf 83' lang='lat' dir='ltr'>Vestra</span> <span class='ocrx_word' id='word_1_168' title='bbox 885 3151 922 3194; x_wconf 88' lang='lat' dir='ltr'>ex</span> <span class='ocrx_word' id='word_1_169' title='bbox 941 3134 1111 3208; x_wconf 83' lang='lat' dir='ltr'>Nnmburgo</span> <span class='ocrx_word' id='word_1_170' title='bbox 1133 3135 1277 3216; x_wconf 77' lang='lat' dir='ltr'>rediisset,</span> <span class='ocrx_word' id='word_1_171' title='bbox 1299 3134 1348 3192; x_wconf 87' lang='lat' dir='ltr'>dixi</span> 
     </span>
     <span class='ocr_line' id='line_1_26' title="bbox 204 3238 1348 3316; baseline -0.005 -14"><span class='ocrx_word' id='word_1_172' title='bbox 204 3244 256 3312; x_wconf 91' lang='lat' dir='ltr'>illi,</span> <span class='ocrx_word' id='word_1_173' title='bbox 279 3241 354 3316; x_wconf 87' lang='lat' dir='ltr'>quod</span> <span class='ocrx_word' id='word_1_174' title='bbox 375 3256 535 3314; x_wconf 83' lang='lat' dir='ltr'>generosus</span> <span class='ocrx_word' id='word_1_175' title='bbox 556 3255 651 3298; x_wconf 90' lang='lat' dir='ltr'>comes</span> <span class='ocrx_word' id='word_1_176' title='bbox 673 3239 700 3297; x_wconf 90' lang='lat' dir='ltr'>d.</span> <span class='ocrx_word' id='word_1_177' title='bbox 722 3240 816 3298; x_wconf 87' lang='lat' dir='ltr'>Julius</span> <span class='ocrx_word' id='word_1_178' title='bbox 837 3257 854 3298; x_wconf 86' lang='lat' dir='ltr'>e</span> <span class='ocrx_word' id='word_1_179' title='bbox 876 3238 1010 3298; x_wconf 81' lang='lat' dir='ltr'>Thiene¹</span> <span class='ocrx_word' id='word_1_180' title='bbox 1029 3239 1211 3299; x_wconf 85' lang='lat' dir='ltr'>intellexerit</span> <span class='ocrx_word' id='word_1_181' title='bbox 1230 3239 1267 3299; x_wconf 93' lang='lat' dir='ltr'>de</span> <span class='ocrx_word' id='word_1_182' title='bbox 1288 3256 1348 3313; x_wconf 88' lang='lat' dir='ltr'>qno·</span> 
     </span>
     <span class='ocr_line' id='line_1_27' title="bbox 210 3345 1348 3419; baseline -0.005 -12"><span class='ocrx_word' id='word_1_183' title='bbox 210 3349 275 3407; x_wconf 86' lang='lat' dir='ltr'>dum</span> <span class='ocrx_word' id='word_1_184' title='bbox 296 3345 451 3406; x_wconf 79' lang='lat' dir='ltr'>excellenti</span> <span class='ocrx_word' id='word_1_185' title='bbox 478 3346 605 3417; x_wconf 86' lang='lat' dir='ltr'>musico,</span> <span class='ocrx_word' id='word_1_186' title='bbox 638 3363 721 3419; x_wconf 88' lang='lat' dir='ltr'>quern</span> <span class='ocrx_word' id='word_1_187' title='bbox 751 3353 882 3414; x_wconf 84' lang='lat' dir='ltr'>cureret,</span> <span class='ocrx_word' id='word_1_188' title='bbox 918 3352 949 3405; x_wconf 88' lang='lat' dir='ltr'>ut</span> <span class='ocrx_word' id='word_1_189' title='bbox 974 3347 1011 3406; x_wconf 87' lang='lat' dir='ltr'>ed</span> <span class='ocrx_word' id='word_1_190' title='bbox 1039 3345 1223 3405; x_wconf 89' lang='lat' dir='ltr'>serviendum</span> <span class='ocrx_word' id='word_1_191' title='bbox 1245 3347 1348 3404; x_wconf 82' lang='lat' dir='ltr'>Vestre</span> 
     </span>
     <span class='ocr_line' id='line_1_28' title="bbox 211 3449 1405 3538; baseline -0.003 -28"><span class='ocrx_word' id='word_1_192' title='bbox 211 3452 414 3511; x_wconf 74' lang='lat' dir='ltr'>Illustrissime</span> <span class='ocrx_word' id='word_1_193' title='bbox 433 3449 604 3509; x_wconf 82' lang='lat' dir='ltr'>Celsitudini</span> <span class='ocrx_word' id='word_1_194' title='bbox 625 3451 786 3522; x_wconf 84' lang='lat' dir='ltr'>accederet,</span> <span class='ocrx_word' id='word_1_195' title='bbox 808 3451 832 3509; x_wconf 91' lang='lat' dir='ltr'>si</span> <span class='ocrx_word' id='word_1_196' title='bbox 853 3449 970 3524; x_wconf 83' lang='lat' dir='ltr'>liberet3</span> <span class='ocrx_word' id='word_1_197' title='bbox 993 3468 1024 3510; x_wconf 90' lang='lat' dir='ltr'>se</span> <span class='ocrx_word' id='word_1_198' title='bbox 1046 3451 1122 3510; x_wconf 89' lang='lat' dir='ltr'>enim</span> <span class='ocrx_word' id='word_1_199' title='bbox 1143 3467 1207 3510; x_wconf 87' lang='lat' dir='ltr'>esse</span> <span class='ocrx_word' id='word_1_200' title='bbox 1226 3449 1349 3524; x_wconf 88' lang='lat' dir='ltr'>percupi-</span> <span class='ocrx_word' id='word_1_201' title='bbox 1404 3535 1405 3538; x_wconf 7' lang='grc' dir='ltr'><strong>Ἴ</strong></span> 
     </span>
    </p>

    <p class='ocr_par' dir='ltr' id='par_1_13' title="bbox 776 3554 791 3586">
     <span class='ocr_line' id='line_1_29' title="bbox 776 3554 791 3586; baseline 0 0"><span class='ocrx_word' id='word_1_202' title='bbox 776 3554 791 3586; x_wconf 71' lang='lat' dir='ltr'>il*</span> 
     </span>
    </p>

    <p class='ocr_par' dir='ltr' id='par_1_14' title="bbox 204 3613 1405 4030">
     <span class='ocr_line' id='line_1_30' title="bbox 207 3613 1348 3684; baseline -0.003 -14"><span class='ocrx_word' id='word_1_203' title='bbox 207 3617 259 3670; x_wconf 88' lang='lat' dir='ltr'>mit</span> <span class='ocrx_word' id='word_1_204' title='bbox 272 3616 324 3670; x_wconf 86' lang='lat' dir='ltr'>den</span> <span class='ocrx_word' id='word_1_205' title='bbox 338 3613 553 3684; x_wconf 83' lang='lat' dir='ltr'>evengelischen</span> <span class='ocrx_word' id='word_1_206' title='bbox 566 3614 674 3669; x_wconf 81' lang='lat' dir='ltr'>fdrsten</span> <span class='ocrx_word' id='word_1_207' title='bbox 688 3615 903 3679; x_wconf 85' lang='lat' dir='ltr'>Deulschlends‚</span> <span class='ocrx_word' id='word_1_208' title='bbox 921 3617 1072 3672; x_wconf 88' lang='lat' dir='ltr'>besonders</span> <span class='ocrx_word' id='word_1_209' title='bbox 1091 3616 1164 3668; x_wconf 86' lang='lat' dir='ltr'>euch</span> <span class='ocrx_word' id='word_1_210' title='bbox 1184 3615 1236 3668; x_wconf 86' lang='lat' dir='ltr'>mii</span> <span class='ocrx_word' id='word_1_211' title='bbox 1253 3613 1348 3681; x_wconf 80' lang='lat' dir='ltr'>herzog</span> 
     </span>
     <span class='ocr_line' id='line_1_31' title="bbox 207 3695 1405 3774; baseline -0.008 -15"><span class='ocrx_word' id='word_1_212' title='bbox 207 3703 357 3774; x_wconf 73' lang='lat' dir='ltr'>christoph</span> <span class='ocrx_word' id='word_1_213' title='bbox 369 3703 591 3774; x_wconf 79' lang='lat' dir='ltr'>stettgeiunden.</span> <span class='ocrx_word' id='word_1_214' title='bbox 614 3703 656 3758; x_wconf 90' lang='lat' dir='ltr'>Im</span> <span class='ocrx_word' id='word_1_215' title='bbox 669 3703 750 3773; x_wconf 82' lang='lat' dir='ltr'>April</span> <span class='ocrx_word' id='word_1_216' title='bbox 761 3720 820 3756; x_wconf 81' lang='lat' dir='ltr'>wer</span> <span class='ocrx_word' id='word_1_217' title='bbox 833 3705 881 3758; x_wconf 85' lang='lat' dir='ltr'>der</span> <span class='ocrx_word' id='word_1_218' title='bbox 893 3702 1043 3759; x_wconf 83' lang='lat' dir='ltr'>merschell</span> <span class='ocrx_word' id='word_1_219' title='bbox 1054 3720 1109 3758; x_wconf 89' lang='lat' dir='ltr'>von</span> <span class='ocrx_word' id='word_1_220' title='bbox 1121 3700 1292 3758; x_wconf 86' lang='lat' dir='ltr'>Vieilleville</span> <span class='ocrx_word' id='word_1_221' title='bbox 1309 3699 1347 3753; x_wconf 88' lang='lat' dir='ltr'>bei</span> <span class='ocrx_word' id='word_1_222' title='bbox 1404 3695 1405 3746; x_wconf 65' lang='lat' dir='ltr'>l</span> 
     </span>
     <span class='ocr_line' id='line_1_32' title="bbox 204 3784 1347 3862; baseline -0.006 -17"><span class='ocrx_word' id='word_1_223' title='bbox 204 3792 260 3845; x_wconf 89' lang='lat' dir='ltr'>ihm</span> <span class='ocrx_word' id='word_1_224' title='bbox 280 3807 424 3862; x_wconf 76' lang='lat' dir='ltr'>genesen,</span> <span class='ocrx_word' id='word_1_225' title='bbox 444 3791 502 3844; x_wconf 90' lang='lat' dir='ltr'>und</span> <span class='ocrx_word' id='word_1_226' title='bbox 521 3790 601 3846; x_wconf 80' lang='lat' dir='ltr'>hatte</span> <span class='ocrx_word' id='word_1_227' title='bbox 619 3790 678 3844; x_wconf 90' lang='lat' dir='ltr'>ihm</span> <span class='ocrx_word' id='word_1_228' title='bbox 697 3790 864 3854; x_wconf 82' lang='lat' dir='ltr'>versichert,</span> <span class='ocrx_word' id='word_1_229' title='bbox 891 3791 1062 3845; x_wconf 75' lang='lat' dir='ltr'>Frcnhreich</span> <span class='ocrx_word' id='word_1_230' title='bbox 1083 3791 1182 3845; x_wconf 91' lang='lat' dir='ltr'>nehmc</span> <span class='ocrx_word' id='word_1_231' title='bbox 1201 3807 1245 3845; x_wconf 83' lang='lat' dir='ltr'>sm</span> <span class='ocrx_word' id='word_1_232' title='bbox 1264 3784 1347 3842; x_wconf 89' lang='lat' dir='ltr'>concil</span> 
     </span>
     <span class='ocr_line' id='line_1_33' title="bbox 204 3874 1347 3964; baseline -0.008 -31"><span class='ocrx_word' id='word_1_233' title='bbox 204 3897 257 3933; x_wconf 92' lang='lat' dir='ltr'>nur</span> <span class='ocrx_word' id='word_1_234' title='bbox 281 3879 412 3964; x_wconf 71' lang='lat' dir='ltr'>entheil,</span> <span class='ocrx_word' id='word_1_235' title='bbox 436 3897 483 3933; x_wconf 88' lang='lat' dir='ltr'>um</span> <span class='ocrx_word' id='word_1_236' title='bbox 512 3877 560 3933; x_wconf 88' lang='lat' dir='ltr'>dee</span> <span class='ocrx_word' id='word_1_237' title='bbox 585 3879 699 3948; x_wconf 85' lang='lat' dir='ltr'>papstee</span> <span class='ocrx_word' id='word_1_238' title='bbox 726 3879 822 3948; x_wconf 82' lang='lat' dir='ltr'>greuel</span> <span class='ocrx_word' id='word_1_239' title='bbox 849 3878 928 3934; x_wconf 88' lang='lat' dir='ltr'>desto</span> <span class='ocrx_word' id='word_1_240' title='bbox 954 3877 1043 3933; x_wconf 89' lang='lat' dir='ltr'>heller</span> <span class='ocrx_word' id='word_1_241' title='bbox 1068 3895 1119 3931; x_wconf 83' lang='lat' dir='ltr'>ens</span> <span class='ocrx_word' id='word_1_242' title='bbox 1144 3874 1297 3948; x_wconf 84' lang='lat' dir='ltr'>tegeslicht</span> <span class='ocrx_word' id='word_1_243' title='bbox 1319 3890 1347 3924; x_wconf 88' lang='lat' dir='ltr'>zu</span> 
     </span>
     <span class='ocr_line' id='line_1_34' title="bbox 205 3960 1346 4030; baseline -0.005 -10"><span class='ocrx_word' id='word_1_244' title='bbox 205 3965 301 4022; x_wconf 89' lang='lat' dir='ltr'>ziehen</span> <span class='ocrx_word' id='word_1_245' title='bbox 321 3969 390 4030; x_wconf 81' lang='lat' dir='ltr'>etc,</span> <span class='ocrx_word' id='word_1_246' title='bbox 419 3985 439 4020; x_wconf 89' lang='lat' dir='ltr'>s.</span> <span class='ocrx_word' id='word_1_247' title='bbox 459 3965 561 4021; x_wconf 85' lang='lat' dir='ltr'>hebret</span> <span class='ocrx_word' id='word_1_248' title='bbox 579 3963 625 4030; x_wconf 86' lang='lat' dir='ltr'>IX,</span> <span class='ocrx_word' id='word_1_249' title='bbox 646 3966 705 4020; x_wconf 87' lang='grc'><strong>197.</strong></span> <span class='ocrx_word' id='word_1_250' title='bbox 739 3967 780 4019; x_wconf 89' lang='lat' dir='ltr'>lm</span> <span class='ocrx_word' id='word_1_251' title='bbox 799 3966 856 4021; x_wconf 84' lang='lat' dir='ltr'>Mei</span> <span class='ocrx_word' id='word_1_252' title='bbox 875 3966 941 4020; x_wconf 84' lang='lat' dir='ltr'>hum</span> <span class='ocrx_word' id='word_1_253' title='bbox 971 3966 1004 4019; x_wconf 90' lang='lat' dir='ltr'>dr</span> <span class='ocrx_word' id='word_1_254' title='bbox 1022 3966 1168 4019; x_wconf 83' lang='lat' dir='ltr'>Hotmenn</span> <span class='ocrx_word' id='word_1_255' title='bbox 1185 3963 1241 4017; x_wconf 90' lang='lat' dir='ltr'>und</span> <span class='ocrx_word' id='word_1_256' title='bbox 1260 3960 1346 4030; x_wconf 77' lang='lat' dir='ltr'>einige</span> 
     </span>
    </p>
   </div>
   <div class='ocr_carea' id='block_1_8' title="bbox 204 4047 1345 4466">
    <p class='ocr_par' dir='ltr' id='par_1_15' title="bbox 204 4047 1345 4299">
     <span class='ocr_line' id='line_1_35' title="bbox 205 4047 1345 4123; baseline -0.006 -16"><span class='ocrx_word' id='word_1_257' title='bbox 205 4054 319 4108; x_wconf 89' lang='lat' dir='ltr'>wochen</span> <span class='ocrx_word' id='word_1_258' title='bbox 346 4056 441 4123; x_wconf 76' lang='lat' dir='ltr'>spdter</span> <span class='ocrx_word' id='word_1_259' title='bbox 469 4054 503 4108; x_wconf 91' lang='lat' dir='ltr'>dr</span> <span class='ocrx_word' id='word_1_260' title='bbox 521 4053 550 4107; x_wconf 85' lang='lat' dir='ltr'>ld.</span> <span class='ocrx_word' id='word_1_261' title='bbox 570 4052 721 4108; x_wconf 86' lang='lat' dir='ltr'>Tremellio</span> <span class='ocrx_word' id='word_1_262' title='bbox 748 4053 802 4108; x_wconf 88' lang='lat' dir='ltr'>mit</span> <span class='ocrx_word' id='word_1_263' title='bbox 826 4054 888 4108; x_wconf 91' lang='lat' dir='ltr'>dem</span> <span class='ocrx_word' id='word_1_264' title='bbox 914 4055 1020 4122; x_wconf 84' lang='lat' dir='ltr'>entreg</span> <span class='ocrx_word' id='word_1_265' title='bbox 1046 4071 1094 4107; x_wconf 90' lang='lat' dir='ltr'>nm</span> <span class='ocrx_word' id='word_1_266' title='bbox 1120 4051 1182 4106; x_wconf 88' lang='lat' dir='ltr'>eine</span> <span class='ocrx_word' id='word_1_267' title='bbox 1210 4047 1345 4104; x_wconf 82' lang='lat' dir='ltr'>idrmliche</span> 
     </span>
     <span class='ocr_line' id='line_1_36' title="bbox 205 4133 1344 4205; baseline -0.008 -11"><span class='ocrx_word' id='word_1_268' title='bbox 205 4140 429 4205; x_wconf 71' lang='lat' dir='ltr'>confideretiom</span> <span class='ocrx_word' id='word_1_269' title='bbox 448 4140 488 4195; x_wconf 85' lang='lat' dir='ltr'>sie</span> <span class='ocrx_word' id='word_1_270' title='bbox 508 4140 602 4196; x_wconf 87' lang='lat' dir='ltr'>wurde</span> <span class='ocrx_word' id='word_1_271' title='bbox 620 4141 687 4196; x_wconf 84' lang='lat' dir='ltr'>eber</span> <span class='ocrx_word' id='word_1_272' title='bbox 706 4141 793 4196; x_wconf 88' lang='lat' dir='ltr'>durch</span> <span class='ocrx_word' id='word_1_273' title='bbox 812 4141 858 4196; x_wconf 89' lang='lat' dir='ltr'>ein</span> <span class='ocrx_word' id='word_1_274' title='bbox 877 4141 1022 4198; x_wconf 88' lang='lat' dir='ltr'>schreiben</span> <span class='ocrx_word' id='word_1_275' title='bbox 1042 4158 1079 4194; x_wconf 84' lang='lat' dir='ltr'>en</span> <span class='ocrx_word' id='word_1_276' title='bbox 1094 4138 1220 4194; x_wconf 78' lang='lat' dir='ltr'>Navarra</span> <span class='ocrx_word' id='word_1_277' title='bbox 1240 4139 1272 4191; x_wconf 87' lang='grc'>17</span> <span class='ocrx_word' id='word_1_278' title='bbox 1285 4133 1344 4188; x_wconf 88' lang='lat' dir='ltr'>Juni</span> 
     </span>
     <span class='ocr_line' id='line_1_37' title="bbox 204 4227 815 4299; baseline 0 -17"><span class='ocrx_word' id='word_1_279' title='bbox 204 4227 333 4284; x_wconf 80' lang='lat' dir='ltr'>ldrmlich</span> <span class='ocrx_word' id='word_1_280' title='bbox 352 4228 516 4299; x_wconf 80' lang='lat' dir='ltr'>ehgelehnt‚</span> <span class='ocrx_word' id='word_1_281' title='bbox 536 4243 555 4280; x_wconf 86' lang='lat' dir='ltr'>s.</span> <span class='ocrx_word' id='word_1_282' title='bbox 576 4228 683 4298; x_wconf 84' lang='lat' dir='ltr'>Kugler</span> <span class='ocrx_word' id='word_1_283' title='bbox 701 4229 737 4293; x_wconf 84' lang='lat'>11,</span> <span class='ocrx_word' id='word_1_284' title='bbox 756 4229 815 4284; x_wconf 86' lang='lat'>291.</span> 
     </span>
    </p>

    <p class='ocr_par' dir='ltr' id='par_1_16' title="bbox 276 4315 464 4371">
     <span class='ocr_line' id='line_1_38' title="bbox 276 4315 464 4371; baseline 0 -2"><span class='ocrx_word' id='word_1_285' title='bbox 276 4315 337 4370; x_wconf 84' lang='lat' dir='ltr'>IS.</span> <span class='ocrx_word' id='word_1_286' title='bbox 357 4334 383 4369; x_wconf 89' lang='lat' dir='ltr'>n.</span> <span class='ocrx_word' id='word_1_287' title='bbox 404 4317 464 4371; x_wconf 81' lang='lat'>112.</span> 
     </span>
    </p>

    <p class='ocr_par' dir='ltr' id='par_1_17' title="bbox 257 4402 444 4466">
     <span class='ocr_line' id='line_1_39' title="bbox 257 4402 444 4466; baseline -0.016 -6"><span class='ocrx_word' id='word_1_288' title='bbox 257 4402 444 4466; x_wconf 49' lang='lat' dir='ltr'>hhmffl.</span> 
     </span>
    </p>
   </div>
   <div class='ocr_carea' id='block_1_9' title="bbox 0 0 1420 5072">
    <p class='ocr_par' dir='ltr' id='par_1_18' title="bbox 0 0 1420 5072">
     <span class='ocr_line' id='line_1_40' title="bbox 0 0 1420 5072; baseline 0 0"><span class='ocrx_word' id='word_1_289' title='bbox 0 0 1420 5072; x_wconf 95' lang='lat' dir='ltr'> </span> 
     </span>
    </p>
   </div>
  </div>
 </body>
</html>
