2830 5078
65 350 128 406 resa
594 358 650 420 181

125 525 236 582 Sebiokt
254 525 349 597 einige
367 524 486 590 bileber;
504 524 688 582 naehn'ebten
707 541 757 608 aus
774 523 870 582 Pelen.

129 632 324 692 Illustrissime
344 633 483 706 Princeps
503 637 534 690 et
555 631 676 691 Domine
698 631 820 690 Domine
842 632 1089 694 clementissime!

128 737 275 795 venissem
296 741 364 794 unte
387 735 457 795 duas
478 741 529 796 sut
554 742 613 796 tres
634 737 808 810 septimanas
828 739 857 796 in
878 745 1061 812 conspectum
1081 742 1194 802 Vestra

58 841 250 900 lllustrissimae
271 841 467 900 celsitudinis.
505 840 562 900 Sed
583 841 612 900 id
633 859 678 900 me
699 844 829 912 retinuit,
851 844 927 916 quod
948 859 1061 917 semper
1080 845 1193 918 speravi

58 946 127 1004 illam
145 946 265 1018 propius
286 959 349 1003 esse
370 949 519 1004 venturam
540 943 586 1004 rel
607 946 636 1003 iu
657 945 824 1019 Foliugen¹
843 946 890 1005 vel
916 945 1003 1006 etiam
1024 947 1192 1022 Tubiugem.

59 1049 117 1108 hum
135 1066 204 1108 vero
229 1049 367 1123 viderem,
396 1049 524 1122 ejusdem
547 1049 734 1110 Gelsitudinis
754 1049 867 1109 Vestrae
888 1050 1044 1110 adventum
1072 1050 1191 1126 differri,

58 1155 121 1212 volui
140 1156 245 1214 saltem
265 1171 360 1214 meum
374 1161 509 1228 nepotem
524 1143 649 1226 mittere,
670 1156 720 1228 qui
734 1153 858 1230 aliquem
873 1154 1002 1214 libellum
1017 1156 1046 1214 iu
1057 1155 1191 1216 Vestram

55 1261 224 1318 venationem
246 1258 338 1332 ferat3
363 1277 428 1318 nam
450 1260 537 1318 etiam
559 1261 588 1318 in
609 1259 689 1320 silvis
709 1266 739 1318 et
759 1261 879 1320 saltibus
901 1260 985 1318 decet
1003 1260 1105 1320 audire
1125 1277 1190 1320 ver·

53 1363 110 1421 bum
129 1363 192 1423 Dei.

119 1468 204 1527 Mitto
226 1469 317 1542 igitur
337 1468 500 1541 mephres
521 1466 693 1526 historiam¹
713 1469 875 1542 germanice
896 1485 950 1542 pro
970 1469 1022 1540 his,
1043 1469 1092 1541 qul
1112 1466 1188 1527 forte

53 1572 130 1630 latine
150 1589 209 1632 non
231 1573 410 1648 intelligunt.
451 1571 538 1632 Mitto
559 1574 710 1645 articulos,
739 1574 788 1646 qul
814 1579 882 1632 sunt
907 1572 1030 1648 oppositi
1050 1572 1189 1632 cardinali

52 1675 184 1736 llorono⁸
204 1677 302 1736 adhue
323 1681 479 1736 car-oerolo.
521 1675 613 1750 Spero
640 1675 721 1736 brevi
747 1691 792 1734 me
818 1676 875 1734 alia
903 1691 1016 1750 quoque
1037 1676 1188 1734 missurum

52 1780 89 1838 vel
109 1780 253 1840 daturum.
284 1781 419 1854 Quotidie
440 1782 583 1854 experior,
605 1780 682 1854 quod
703 1781 731 1839 hi
746 1781 826 1852 parvi
842 1779 931 1839 libelli
945 1795 1002 1838 uon
1015 1778 1187 1839 mediocrem

51 1884 160 1944 huetum
182 1885 300 1958 lerunt3
321 1888 418 1944 stetim
440 1887 515 1944 euim
537 1885 672 1958 leguntur
692 1896 743 1945 aut
763 1878 901 1944 vorantur
914 1885 1019 1956 potius,
1041 1888 1071 1941 et
1091 1863 1187 1942 statim

51 1996 157 2060 possunt
177 1989 267 2061 longe
289 1989 373 2061 mitti,
394 1989 471 2062 quod
492 1989 528 2048 de
549 1989 659 2062 mugnis
679 1987 761 2046 libris
782 1986 845 2046 fieri
866 2004 921 2047 uon
943 1993 1047 2060 potest.
1088 1987 1122 2044 In
1142 1985 1186 2046 bis

48 2092 154 2151 edendis
174 2110 293 2166 semper·
319 2110 386 2153 usus
406 2110 469 2152 sum
489 2095 689 2166 theologorum
711 2091 904 2165 professorum
922 2092 1042 2166 judicio,
1063 2092 1184 2149 maxime

47 2196 196 2256 heumanni
209 2196 231 2255 ⁴.

112 2303 238 2362 Pulchre
260 2303 392 2360 convalui
419 2307 480 2360 turn
508 2316 544 2359 ex
570 2300 711 2374 pedibus,
741 2305 801 2359 tum
829 2315 866 2357 ex
891 2303 954 2358 toto
981 2311 1122 2371 corpore,
1153 2301 1184 2354 et

47 2421 118 2478 spero
136 2424 182 2466 nne
204 2413 326 2466 strenue
346 2407 376 2464 in
397 2406 468 2464 meis
489 2405 592 2464 studiis
612 2404 756 2476 laborare,
776 2403 840 2464 Deo
860 2403 971 2476 gratie.

111 2512 155 2569 lix
186 2511 312 2572 Polonie
341 2511 433 2570 habeo
463 2511 595 2583 litteras,
625 2527 728 2584 nempe
758 2510 794 2569 ab
827 2511 952 2583 ipsomet
982 2507 1009 2566 d.
1041 2503 1184 2565 Stauislao

47 2613 190 2690 Ostrorogo
203 2617 224 2689 ⁵,
247 2618 296 2689 qui
317 2615 419 2676 scribit
440 2615 586 2674 dominum
607 2631 626 2674 a
645 2614 758 2674 Lascho
780 2613 869 2672 luisse
890 2613 919 2670 in
941 2612 1043 2685 maiori
1062 2608 1183 2668 Polonia

47 2723 68 2772 et
83 2717 141 2777 fere
162 2720 238 2778 nihil
259 2719 428 2792 obtinuisse,
449 2724 562 2780 tantum
583 2721 708 2778 seruisse
730 2717 913 2778 disoordiam.
943 2715 1066 2790 Reliqua
1085 2727 1181 2774 uorans

45 2819 132 2883 dicam.

110 2928 173 2988 Duo
195 2928 337 3004 imprimis
357 2930 439 3001 cupio
461 2929 549 2986 seire:
577 2945 614 2986 eu
643 2943 724 2986 meus
745 2926 824 3000 Papa
843 2924 938 2984 adhue
956 2927 995 2984 sit
1014 2924 1044 2982 in
1064 2937 1100 2982 oa
1119 2922 1180 2995 opi-

44 3032 126 3106 nione,
146 3034 228 3108 quod
249 3033 322 3092 nolit
334 3048 490 3106 agnoscere
502 3031 717 3092 Ferdiusndum
731 3047 784 3106 pro
796 3029 940 3101 Oresam‘,
961 3033 990 3088 et
1010 3044 1047 3088 au
1067 3026 1181 3087 venerit

598 3163 613 3198 eit

103 3269 115 3321 1
134 3269 309 3340 Plullingen,
327 3267 484 3335 stltdtehen,
504 3268 521 3322 3
539 3267 658 3323 standon
678 3283 732 3322 von
751 3264 906 3334 Tibingen.

100 3357 161 3500 ἐξ.
181 3376 210 3500 Ξ.
229 3357 274 3502 gb.
309 3444 398 3500 Tibul:
429 3445 549 3502 Artieuli
574 3447 672 3502 eontra
689 3446 832 3501 bloronem
850 3445 885 3500 de
904 3439 1114 3498 huthoranismo
1132 3455 1179 3496 au·

43 3533 155 3587 rosatum
174 3535 205 3588 et
222 3533 253 3586 in
272 3549 411 3589 oareersm
431 3533 594 3604 oonjeotum,
614 3550 677 3588 oum
695 3531 807 3589 soholiis
821 3531 853 3588 V.
872 3533 967 3603 Serap.
988 3549 1009 3587 s.
1029 3531 1070 3586 89.
1089 3547 1116 3584 n.
1135 3529 1177 3585 86.

100 3621 116 3673 4
134 3620 277 3676 lohannes
289 3619 466 3686 Eisenmann,
484 3622 547 3692 gab.
561 3623 592 3676 in
610 3621 784 3678 sohwhbisoh
795 3621 870 3688 Hall,
889 3621 998 3690 eollege
1012 3636 1068 3676 von
1080 3618 1176 3684 Brona,

43 3704 92 3760 tuat
112 3708 186 3764 nueh
212 3708 275 3764 dem
294 3709 411 3764 Interim
434 3709 465 3763 in
490 3710 544 3764 den
562 3709 859 3782 wurttembergisohen
882 3707 1095 3764 hireheudienst
1118 3705 1177 3759 und

43 3791 131 3849 erbielt
155 3796 226 3852 bald
250 3796 385 3868 miehtige
411 3797 526 3862 sellem
556 3799 624 3854 1558
641 3815 700 3854 wer
724 3816 754 3855 er
772 3798 1005 3870 superintendent
1022 3797 1071 3852 des
1092 3811 1176 3850 evau-

43 3878 173 3944 gelisehen
187 3883 329 3950 semineus,
347 3902 390 3939 wo
399 3885 508 3956 Verger
518 3885 646 3953 wohnte3
660 3903 707 3941 em
721 3885 893 3942 lranklurter
910 3885 961 3954 bag
972 3883 1031 3938 und
1046 3897 1177 3937 wormser

43 3963 303 4112 mligbobgnfflbrracss
323 3971 389 4115 {55152
409 3971 495 4026 nalum
514 3989 545 4026 er
563 3972 634 4028 aueh
652 3972 768 4029 antheil.
804 3978 820 4041 †
840 3974 908 4029 1574
925 3972 955 4027 in
973 3970 1129 4058 Thbiugen.

102 4141 117 4194 6
134 4076 220 4214 ngbt
237 4099 310 4200 haul
327 4145 368 4201 IV
386 4099 466 4202 batte
484 4147 539 4202 den
557 4149 712 4219 gesandten
729 4149 911 4214 Perdinands,
930 4143 1035 4203 Martio
1055 4143 1089 4198 de
1103 4142 1174 4197 Gou-

44 4241 124 4293 mann,
143 4231 192 4286 der
208 4232 269 4288 ihm
287 4233 364 4289 seiue
382 4251 548 4308 ernennnng
565 4253 628 4291 zum
645 4237 737 4294 kaiser
755 4237 890 4308 anzeigen
908 4233 999 4298 sollte,
1021 4228 1100 4286 nieht¹
1117 4245 1186 4285 eur-¹

43 4310 173 4384 lfeugen,
200 4320 264 4375 weil
283 4319 395 4377 Kaer
419 4322 495 4378 seine
522 4324 608 4380 letone
635 4325 716 4379 nieht
743 4325 772 4378 in
799 4327 844 4381 die
868 4325 962 4382 binde
987 4325 1035 4382 dee
1057 4325 1172 4394 papstee

45 4399 223 4480 niedergelegt
240 4409 329 4466 hatte
