2884 5074
612 351 675 412 455

606 623 673 681 238.

87 762 296 829 Nuehrichten
328 763 406 828 iiber
435 765 487 829 ein
523 763 668 828 biindnill
697 764 857 829 zwischen
879 766 991 849 papst,
1021 763 1127 828 kaiser
1150 762 1215 826 und

336 873 489 962 England
512 897 618 962 gegen
641 875 691 940 die
713 879 947 960 protestantem.

558 1013 626 1070 Sine
647 1013 724 1071 dato.

442 1123 508 1178 Muss
528 1124 636 1194 anlang
657 1125 723 1179 1555
743 1123 837 1180 fallen.

146 1251 306 1310 Cardinalis
328 1249 454 1308 Moron¹
475 1249 601 1308 mittitur
627 1249 740 1322 lagatus
767 1265 785 1308 a
813 1248 949 1322 pontifice
977 1249 1014 1306 ad
1038 1263 1138 1322 rogem
1157 1247 1214 1305 Ro-

76 1371 231 1428 manorum,
253 1361 287 1416 ut
307 1355 424 1414 intersit
443 1354 539 1414 diaetae
559 1353 737 1426 Augustanos
749 1352 775 1426 ⁸,
803 1354 831 1410 in
854 1370 911 1428 qua
931 1353 1086 1412 Caesariani
1107 1350 1214 1410 auxilio

75 1458 207 1533 pontilicis
227 1476 282 1534 per
302 1460 370 1520 dicti
393 1458 546 1518 cardinalis
571 1459 765 1518 assistentiam
788 1459 879 1518 multa
899 1464 929 1516 et
950 1474 1053 1544 magna
1073 1456 1128 1516 sibi
1147 1472 1213 1530 pro·

75 1564 190 1624 mittunt.
222 1563 251 1623 Is
267 1565 342 1622 enim
364 1581 427 1624 cum
449 1563 543 1638 ampla
564 1561 703 1622 facultate
725 1563 778 1620 sibi
798 1580 814 1620 a
835 1560 971 1636 pontifice
992 1577 1130 1622 concessa
1148 1576 1213 1632 pro·

76 1666 204 1728 ficiscitur
236 1675 266 1728 et
292 1669 391 1728 Romae
423 1675 454 1728 et
483 1668 513 1726 in
541 1667 626 1727 ltalia
653 1668 784 1728 omnibns
810 1667 933 1726 Caesaris
960 1667 1083 1740 negotiis
1110 1669 1216 1738 praest

74 1788 155 1846 eaque
182 1775 299 1834 omnino
327 1774 435 1846 dirigit.
484 1774 539 1832 Est
566 1789 634 1832 vero
662 1773 724 1832 haec
755 1773 915 1832 certissima
945 1772 1107 1846 conjuratio
1138 1769 1215 1830 lacta

72 1875 140 1936 inter
159 1877 312 1952 Caesarem,
333 1895 431 1952 regom
448 1877 590 1952 Angliae⁸‚
611 1896 710 1950 regem
719 1879 888 1949 Romanum,
909 1877 1072 1951 pontificem
1093 1881 1122 1935 et
1144 1892 1213 1934 non·

73 1982 156 2040 nullos
175 1984 265 2042 etiam
287 1985 432 2058 principes
452 1982 580 2056 imperii,
609 1984 656 2058 qui
677 1985 707 2040 in
728 1979 895 2042 obedientia
923 1983 1060 2040 Romana
1081 1979 1211 2038 ecclesiae

71 2095 284 2156 permanserunt
304 2095 405 2146 contra
425 2088 568 2160 principes
589 2091 787 2161 evangelicos,
815 2105 887 2162 quos
907 2089 1023 2145 omnino
1045 2100 1212 2158 oppressum

71 2189 102 2246 iri
120 2197 147 2250 et
167 2191 244 2252 hane
264 2193 379 2250 diaetam
399 2193 589 2252 certissimum
609 2194 724 2252 illorum
746 2195 864 2252 exitium
881 2192 943 2252 lore
956 2191 1010 2250 sibi
1025 2173 1211 2264 persuadent.

70 2293 104 2353 Et
121 2312 222 2357 reuera
243 2304 365 2370 apparet
385 2299 496 2372 aliquid
517 2301 612 2371 magni
625 2299 692 2357 mali
710 2300 767 2358 illis
780 2299 958 2371 impendere,
979 2298 1003 2354 si
1024 2299 1137 2354 secreta
1156 2291 1214 2350 ista

69 2402 223 2474 conjuratio
245 2401 531 2464 effectumhabuerit.
562 2405 626 2464 Rex
642 2405 799 2476 Romanus,
815 2403 952 2478 quiillius
974 2403 1061 2460 etiam
1083 2405 1127 2476 est
1146 2414 1212 2471 par·

69 2503 165 2577 ticeps,
191 2507 280 2564 miser
300 2523 356 2564 non
377 2506 526 2580 intelligit,
547 2523 607 2566 rem
629 2513 719 2566 totam
740 2514 892 2566 contrane
920 2505 1120 2579 principaliter
1148 2517 1211 2562 esse

70 2615 231 2684 susceptam.
272 2611 336 2669 Rex
357 2610 432 2668 enim
452 2610 586 2684 Angliae,
619 2612 668 2686 qui
689 2628 800 2674 omnem
821 2610 949 2671 favorem
970 2627 987 2667 a
1007 2607 1141 2682 pontifice
1163 2623 1212 2664 ex·

70 2716 222 2784 spectatio
245 2716 340 2788 eapite
361 2714 437 2786 libri,
458 2714 513 2774 hoc
534 2717 623 2788 exigit
644 2721 766 2788 secreto,
787 2720 819 2773 ut
839 2715 933 2792 dictus
954 2712 1086 2787 pontifex
1106 2709 1214 2768 debeat

68 2815 103 2873 illi
129 2834 211 2876 omne
243 2818 382 2882 auxilium
408 2827 568 2892 praestare,
599 2826 631 2878 ut
656 2821 692 2878 ad
721 2819 929 2880 successionem
957 2819 1071 2894 imperii
1098 2814 1211 2874 lucilius

67 2924 211 2993 pervenire
233 2925 334 2998 possit.
370 2922 451 2996 Quod
474 2922 498 2979 si
519 2920 615 2995 faeiat,
636 2939 667 2980 se
688 2920 791 2982 affines
811 2924 891 2988 illius
911 2926 1161 2980 remuneraturum
1182 2923 1213 2977 et

68 3028 149 3088 multa
173 3031 231 3088 illis
251 3029 326 3088 bonu
347 3030 377 3086 in
404 3045 494 3102 regno
521 3028 713 3101 Neapolitano
741 3027 893 3100 daturum,
921 3029 1073 3102 promittit.
1115 3027 1211 3096 Atque

66 3138 126 3188 sunt
144 3135 202 3194 ista
223 3125 301 3193 inter
322 3135 386 3192 illos
407 3133 608 3192 secretissima.
639 3134 684 3192 Ab
700 3133 753 3192 hac
768 3134 967 3206 conjuratione
989 3139 1046 3191 tam
1068 3129 1213 3204 principes

66 3239 219 3310 evangelici
236 3255 321 3315 quam
341 3238 438 3309 ceteri,
462 3237 563 3310 quibus
580 3236 699 3294 libertas
717 3236 879 3296 Germaniae
894 3254 960 3295 cara
981 3242 1033 3308 est,
1055 3235 1212 3312 diligenter

65 3340 114 3398 sibi
140 3357 245 3401 cavere
273 3349 303 3400 et
330 3342 496 3416 supradicta
523 3342 716 3402 attentissime
749 3343 932 3402 considerare
967 3343 1092 3412 debent,
1123 3349 1212 3416 atque

64 3445 196 3520 imprimis
211 3445 431 3518 rexBohemiae,
453 3447 502 3520 qui
519 3453 639 3522 propter
655 3447 819 3519 amicitiara,
841 3463 925 3521 quam
946 3453 1030 3520 putat
1052 3464 1114 3508 esse
1135 3449 1213 3506 iuter

67 3549 169 3610 dictum
190 3551 366 3610 cardinalem
394 3560 424 3610 et
450 3558 563 3623 patrem
583 3569 674 3624 suum,
696 3551 768 3610 nihil
788 3552 842 3610 sibi
864 3553 954 3611 limet.
996 3552 1052 3611 Sed
1074 3555 1097 3610 si
1119 3551 1211 3609 consi·

65 3654 154 3728 deret,
185 3656 264 3730 quod
284 3662 352 3715 ante
373 3655 480 3716 dietum
502 3663 560 3730 est,
582 3657 667 3716 istum
689 3659 813 3730 negotiis
834 3657 956 3716 Gaesaris
976 3659 1004 3714 in
1025 3655 1111 3714 ltalia
1136 3673 1211 3728 prae·

64 3777 122 3819 esse
143 3767 174 3821 et
195 3762 274 3836 regis
290 3761 401 3836 Angliae
421 3762 451 3820 in
473 3763 580 3835 ducatu
601 3762 812 3822 Mediolanensi
833 3749 978 3824 sn'bditum
1000 3777 1064 3820 esse
1084 3767 1114 3821 et
1135 3760 1211 3835 qnod

64 3874 166 3940 sperat,
190 3867 314 3928 Oaesaris
336 3873 365 3926 et
390 3867 460 3925 dicti
487 3866 564 3940 regis
587 3868 697 3940 Angliae
724 3868 831 3928 auxilio
852 3885 991 3930 summum
1015 3865 1213 3938 pontificatum

63 3986 91 4028 se
110 3972 269 4047 aliquando
289 3972 474 4046 adepturum,
503 3972 590 4032 etad
611 3973 672 4031 hac
694 3973 783 4050 (quod
804 3980 891 4048 caput
911 3978 955 4030 est
976 3978 1006 4030 et
1022 3972 1211 4032 certissimum

130 4146 142 4198 1
164 4145 193 4200 S.
213 4163 242 4198 n.
259 4145 301 4209 20,
322 4161 351 4198 et
369 4161 427 4198 war
445 4163 506 4198 aum
524 4081 707 4216 Augsbtirger
725 4146 868 4216 reichstag
887 4145 928 4200 als
946 4142 1120 4216 papstlicher
1141 4138 1237 4196 nun-s

62 4231 115 4288 tius
135 4231 295 4303 geschickt.

127 4321 144 4374 2
163 4319 291 4376 Erdffnet
310 4319 365 4374 den
384 4323 400 4376 5
418 4319 542 4376 Februar
561 4322 637 4376 1555.

127 4409 144 4463 3
162 4405 281 4480 Philipp
300 4423 355 4462 von
374 4407 507 4479 Spaniam,
525 4409 640 4480 gemahl
659 4427 714 4467 von
732 4408 823 4469 Maria
840 4408 941 4470 Tuder.
