2910 5080
796 399 835 459 52
1321 391 1372 448 lost

241 569 417 645 Tabingem‚
438 568 515 628 misit
536 567 572 627 ad
593 585 637 627 me
659 566 730 628 duos
750 568 879 639 litteras,
909 582 979 640 quas
1000 569 1099 640 mitt03
1128 568 1151 627 si
1180 570 1250 644 quid
1273 569 1372 644 amplius

242 667 348 737 Vestra
369 673 519 734 Celsitudo
536 673 665 748 jusserit,
686 673 808 732 scribom
829 671 880 731 illi.
1242 663 1243 666 ’

319 782 355 840 D.
376 777 567 845 Volmcrins¹‚
589 775 694 848 hospes
714 791 804 846 meus,
826 775 900 834 bene
921 791 966 832 me
987 777 1131 847 tractarit,
1153 782 1186 835 ut
1205 777 1277 836 nihil
1291 791 1373 850 quern

241 885 362 960 amplius
374 899 489 959 cupere,
512 884 685 956 quietamen
705 897 763 940 non
783 885 828 939 est
849 879 1038 952 honestaras,
1060 885 1093 938 ut
1113 877 1217 939 luerim
1234 881 1276 940 illi
1288 883 1372 956 granis,

242 989 393 1050 discedens
413 989 521 1047 solrom
542 985 704 1047 liberaliter
725 985 829 1043 omniu.
870 981 957 1043 Certe
981 999 1038 1042 non
1059 985 1154 1056 potuit
1175 1001 1221 1044 me
1242 984 1373 1045 Celsitudo

243 1094 349 1154 Vestro
375 1093 413 1152 ad
439 1091 588 1152 meliorem
608 1091 700 1148 virum
729 1105 823 1162 neque
854 1088 883 1146 in
911 1088 1098 1148 amoeniorem
1125 1091 1240 1150 domum
1267 1093 1373 1150 mittere.
1438 1167 1439 1172 ἵ

241 1199 322 1260 Bene
351 1205 381 1258 et
407 1197 533 1259 feliciter
560 1195 655 1256 valeat
688 1194 881 1254 illustrissima
907 1193 1077 1268 Amplitudo
1108 1193 1178 1253 Tuo.
1219 1196 1300 1255 Deus
1324 1210 1372 1253 ean

242 1303 405 1365 incolumen
425 1294 507 1362 nobis
527 1307 624 1362 servet
644 1315 696 1374 per
716 1301 815 1360 lesum
837 1298 984 1359 Christum
1004 1299 1031 1358 d.
1053 1305 1192 1359 nostrum.

319 1409 459 1482 Tubingae
480 1406 527 1466 die
548 1403 678 1464 27,Jnlii
703 1405 786 1462 1553.

1145 1509 1311 1584 largerius.

805 1795 832 1851 3.

537 1917 664 2000 Herzog
687 1914 859 2001 Chrishoph
884 1938 925 1980 an
954 1915 1085 1999 Verger.

644 2055 742 2114 Uraclr
763 2057 800 2114 30
821 2055 880 2114 Juli
903 2057 987 2113 1553.
1051 2127 1061 2143 1

318 2189 448 2242 Antworh
475 2187 524 2242 nul
548 2205 575 2240 m.
600 2187 624 2239 2.
669 2184 892 2240 Gliiekwiinsche
920 2203 968 2238 zur
995 2185 1066 2239 reise
1092 2185 1164 2240 mach
1192 2184 1375 2245 Graubdnden,

242 2284 428 2342 nachrichten
447 2283 515 2337 iiber
528 2281 666 2350 England,
687 2281 740 2336 den
760 2281 941 2351 marhgralen
957 2279 1090 2335 Albrecht
1109 2297 1161 2336 von
1176 2280 1375 2347 Brendenbmg·
1438 2263 1439 2268 ἵ

242 2379 409 2443 Cnrlmbach3
429 2377 558 2448 gewithrt
577 2376 698 2448 Vergers
718 2377 791 2432 bitte
809 2395 856 2432 um
875 2376 958 2432 einen
976 2375 1115 2446 begleiter
1134 2395 1182 2430 aur
1200 2377 1279 2432 reise.
1315 2389 1317 2392 ·

319 2474 543 2548 christophorus
563 2473 619 2532 Dei
646 2474 741 2548 gratia
762 2473 828 2531 Dux
849 2472 1140 2547 thrtembergensis.

249 2651 252 2656 ¹
319 2579 449 2638 Salutem
477 2584 506 2640 et
526 2580 650 2650 gratiam
671 2584 815 2638 nostrums
849 2576 979 2636 Litteras
1007 2582 1075 2660 tuas
1100 2594 1119 2636 a
1148 2569 1305 2640 tabellione
1326 2587 1375 2648 tuo,
1434 2601 1439 2658 χ

239 2687 345 2747 dilecte
355 2685 488 2757 Vergeri,
509 2682 592 2742 uobis
612 2684 676 2743 heri
698 2683 818 2756 oblatas,
839 2682 1001 2756 recepimus
1022 2689 1052 2741 et
1072 2682 1194 2754 legimus
1215 2665 1283 2743 etc*
1304 2682 1376 2740 Prin·
1438 2683 1439 2762 J

240 2791 315 2864 cipio
331 2789 446 2864 quidem
467 2805 525 2848 non
547 2787 710 2848 dubitamus
731 2789 767 2846 de
789 2794 840 2848 tua
860 2788 1028 2860 integritate
1051 2792 1081 2845 et
1101 2787 1262 2860 diligentie,
1284 2788 1375 2862 quibus
1434 2781 1439 2870 J

240 2911 276 2953 ex
296 2895 391 2952 animo
409 2893 530 2966 gloriani
542 2891 649 2954 Christi
669 2899 756 2964 atque
778 2893 841 2965 ejus
862 2891 1012 2950 ecclesiam
1033 2907 1140 2963 augere
1162 2897 1192 2950 et
1213 2909 1314 2952 ornere
1334 2891 1376 2950 de·

239 2998 363 3068 cidaras,
384 2997 521 3071 dabitque
542 2998 706 3056 misericors
726 2997 815 3056 Pater
834 2997 1053 3068 incrementum,
1074 3001 1107 3055 ut
1127 2997 1157 3054 in
1179 3013 1214 3055 eo
1235 2999 1319 3056 animi
1339 2997 1375 3054 tui
1435 2973 1436 2992 ³

239 3115 355 3176 compos
374 3081 435 3161 fios.
483 3103 577 3161 Docet
598 3119 666 3161 vero
694 3109 781 3176 atque
802 3101 923 3162 reducet
943 3107 973 3161 te
993 3101 1166 3160 incolumem
1186 3104 1307 3175 angelus
1325 3101 1376 3158 Do·

239 3207 308 3265 rinini
330 3213 360 3265 et
380 3205 432 3265 tibi
454 3207 529 3267 fidus
550 3213 646 3267 custos
667 3223 820 3280 comesque
841 3207 955 3266 itineris
977 3207 1042 3269 erit.

319 3311 400 3383 Quod
430 3317 526 3371 autern
548 3311 584 3370 de
611 3328 680 3385 rege
701 3312 860 3387 Anglornm
882 3327 973 3385 nuper
1000 3312 1093 3369 electo
1121 3317 1149 3369 et
1177 3313 1311 3384 principia
1329 3308 1372 3366 Al·

806 3418 820 3451 ss

240 3495 352 3563 bingen,
372 3491 445 3546 noch
464 3492 600 3556 Brodeuu,
620 3493 663 3548 nic
682 3493 716 3548 de
735 3495 772 3548 Μ.
793 3494 906 3550 Charles
925 3493 968 3546 Du
987 3491 1073 3548 Molin
1094 3491 1183 3560 [Poris
1203 3492 1295 3562 1654),
1319 3487 1376 3543 weil

238 3583 314 3638 scine
326 3579 587 3650 reohlvgldubigkeit
600 3580 631 3634 in
643 3580 745 3636 betreff
755 3581 803 3637 der
815 3579 1078 3636 obendmehlslehre
1088 3579 1270 3651 verddehtigt
1283 3575 1374 3632 wurde.
1438 3621 1439 3632 ,

238 3669 327 3723 Brenz
345 3667 426 3738 giebt
443 3665 636 3736 gesundheita-
655 3667 710 3720 und
725 3665 1032 3722 familienriiclrsichten
1044 3683 1090 3731 un,
1110 3683 1130 3718 s.
1142 3665 1289 3722 Anecdota
1300 3665 1375 3718 Bren-

153 3751 155 3757 ’
237 3756 318 3811 tiene
335 3773 390 3810 non
410 3753 524 3818 Pressel,
542 3773 563 3807 s.
582 3755 641 3810 393.
678 3741 752 3808 liber
771 3753 974 3824 Mtimpelgerd,
995 3769 1036 3807 wo
1055 3769 1085 3807 er
1103 3752 1165 3807 eine
1183 3751 1306 3822 zeitlang
1321 3747 1374 3803 ein·

238 3843 388 3914 gekerkert
406 3859 472 3906 war,
491 3841 590 3896 kehrte
609 3859 638 3895 er
657 3840 686 3894 in
705 3842 764 3895 sein
783 3841 935 3896 vaterland
953 3840 1073 3905 zuriick,
1091 3840 1160 3894 aber
1179 3839 1231 3895 der
1249 3835 1374 3894 ausbruch

237 3935 286 3988 der
304 3932 535 4005 religionslmiege
554 3949 652 4002 awang
670 3931 719 3986 ihn
740 3950 771 3986 zu
792 3931 868 3987 einer
887 3930 1005 3986 uweiten
1023 3929 1111 3984 llucbt
1129 3945 1182 3983 von
1196 3927 1289 3992 Paris;
1306 3922 1373 3978 aeine

236 4021 342 4074 letzlen
357 4019 438 4089 jahre
457 4019 572 4074 brachhe
592 4037 622 4074 er·
640 4019 669 4072 in
688 4020 778 4074 einenn
803 4021 935 4075 unstdten
962 4016 1160 4074 wanderleben
1185 4033 1233 4081 zu,
1264 4009 1374 4077 verfolgt

236 4107 295 4161 und
314 4107 472 4176 engeklagt
488 4107 546 4160 und
566 4107 807 4177 freigesprochen;
827 4125 856 4163 er
875 4107 955 4162 sterb
968 4106 1001 4160 27
1011 4105 1168 4159 December
1179 4103 1246 4158 1566
1258 4101 1287 4154 iu
1295 4094 1374 4152 Paris.

236 4193 318 4249 Siehe
337 4212 430 4250 ausser
448 4194 577 4248 Brodeeu
595 4183 672 4249 auch
687 4195 781 4250 henne
801 4197 835 4250 de
854 4193 1017 4265 legislatiom
1038 4192 1114 4256 1872,
1134 4191 1187 4245 288
1205 4189 1234 4244 ff.
1261 4189 1311 4243 Dae
1326 4182 1372 4236 1ῐὸ-

235 4281 361 4352 nigliche
378 4282 565 4338 staatsarchir
583 4281 613 4335 in
632 4281 777 4351 Stuttgart
803 4282 906 4337 besibzt
931 4279 993 4335 eine
1018 4295 1118 4348 menge
1136 4276 1224 4332 briefe
1241 4291 1292 4330 von
1309 4269 1372 4324 ihm·

236 4369 422 4424 amu&

250 4484 252 4490 ·
309 4458 369 4512 IS.
389 4458 431 4511 br.
452 4477 478 4512 n.
499 4461 522 4514 1.
