2830 5078
783 334 844 396 194
1306 334 1348 387 itit

239 521 270 563 se
292 503 398 562 debere
420 504 557 575 agnoscit,
580 510 612 561 ut
633 509 739 576 speret,
761 505 848 562 etiam
863 503 926 563 fore
942 523 994 578 per
1009 509 1072 580 ejus
1088 508 1221 577 gratiam,
1242 513 1270 562 nt
1287 506 1351 564 ruine

237 609 267 666 in
289 624 323 666 ea
342 624 374 666 re
395 623 489 680 neque
511 607 596 666 tardo
618 623 710 680 neque
734 609 850 666 vecordi
872 612 1045 681 reperiatur.

317 712 351 769 Id
372 712 448 785 quod
469 711 550 768 vobis
572 712 658 770 etiam
681 719 710 769 et
732 719 828 770 vestro
850 713 971 784 principi
993 713 1076 772 valde
1100 713 1188 783 utile,
1210 713 1352 787 persuaderi.

319 815 401 888 Quod
421 818 526 874 attinet
546 815 583 871 ad
605 830 703 872 eorum
721 817 879 882 eonsilium,
901 819 949 889 qni
971 816 1179 876 confessionem
1192 820 1354 889 Augusteum
1385 823 1388 832 ’

238 929 268 978 et
287 921 378 994 recipi
398 937 415 976 n
436 920 517 978 nobis
539 927 569 977 et
588 919 705 993 probari
729 923 865 994 cupiunt,
894 922 947 980 hoe
976 924 1160 980 serenissima
1182 924 1306 994 majestas
1321 939 1355 978 sua

236 1025 328 1084 voluit
340 1040 385 1080 me
400 1023 452 1080 tibi
470 1021 628 1093 testificari,
650 1040 705 1081 non
722 1024 860 1096 cogitare,
882 1042 912 1084 se
929 1025 1079 1084 discedere
1095 1026 1131 1082 eb
1148 1025 1201 1083 illa
1220 1026 1354 1084 christiam·

240 1145 303 1186 rum
325 1128 510 1186 ecelesiarum
540 1133 639 1184 mutua
667 1129 870 1194 consensione,
898 1129 934 1186 nd
956 1132 1041 1201 qbam
1062 1130 1234 1200 Augustaua
1253 1129 1296 1186 illa
1312 1146 1357 1186 con·

237 1233 324 1292 fessio
345 1233 473 1306 proxime
496 1232 611 1288 videtur
631 1233 778 1290 accedere.

315 1337 385 1394 Haec
405 1343 480 1409 sunt,
505 1353 568 1409 quoe
589 1338 726 1408 majestas
748 1339 811 1408 ejus
832 1337 868 1394 ad
890 1337 946 1394 tuis
968 1338 1073 1394 litteris
1088 1339 1312 1424 respondendum
1328 1354 1357 1392 ne
1401 1361 1402 1394 ;

237 1443 291 1500 tibi
313 1442 403 1500 voluit
423 1439 594 1512 significare.

313 1548 375 1620 Ego
396 1563 463 1604 vero
484 1546 545 1617 ipse
566 1545 613 1620 (ut
633 1545 717 1616 plane
739 1546 847 1616 dicam,
869 1545 946 1617 quod
967 1546 1073 1620 sentio)
1094 1563 1183 1617 quum
1205 1547 1272 1604 nihil
1290 1549 1314 1603 in
1330 1547 1357 1602 his

235 1651 381 1711 laboribus
402 1651 471 1708 meis
493 1652 582 1724 magis
602 1667 715 1724 sequar,
737 1667 790 1709 nee
812 1651 899 1708 uitam
911 1651 979 1708 mihi
996 1667 1092 1724 operae
1104 1667 1177 1708 rueae
1184 1651 1357 1723 iucundiorem

235 1755 396 1814 mercedem
418 1763 468 1814 aut
487 1756 623 1826 pollicear
644 1763 695 1813 aut
715 1771 843 1829 sperem,
874 1773 958 1829 quam
987 1755 1044 1814 frui
1066 1763 1096 1813 et
1116 1755 1245 1829 gauderc
1267 1756 1312 1812 hac
1327 1770 1356 1810 ec·

237 1861 324 1918 etesia
338 1859 444 1918 Christi
466 1867 588 1931 purgata
609 1860 704 1918 denuo
726 1868 757 1918 et
777 1861 899 1932 pristino
918 1863 1005 1926 nitori
1021 1861 1167 1928 restituto,
1189 1861 1273 1918 claris
1286 1859 1356 1918 uerbis

233 1965 286 2022 tibi
306 1962 426 2036 affirm0,
447 1981 492 2022 me
514 1965 641 2037 quamvis
663 1965 826 2023 eruditione
848 1973 877 2022 et
899 1967 1018 2024 scient-ia
1041 1965 1083 2022 vei
1107 1965 1212 2036 exigna
1234 1967 1278 2022 vel
1301 1963 1358 2020 nulle

234 2075 314 2128 certe
336 2070 397 2136 sim,
419 2069 518 2127 labore
540 2076 636 2128 tamen
658 2077 689 2128 et
709 2070 862 2142 diligentia
878 2070 986 2142 optimo
1002 2069 1105 2142 cuique
1127 2070 1261 2141 operario
1280 2071 1305 2124 in
1322 2069 1358 2124 bar
1393 2046 1398 2109 5

236 2177 317 2232 uinea
337 2174 450 2232 Domini
472 2174 559 2232 nihilo
581 2174 643 2232 fore
664 2172 840 2233 inferiorern.

312 2279 470 2338 Ecclesium
485 2279 602 2350 Christi,
624 2295 687 2352 quoe
702 2271 779 2352 apud
793 2295 844 2338 nos
866 2285 917 2348 est,
940 2297 1015 2336 nunc
1036 2295 1135 2336 rursus
1156 2279 1194 2335 ab
1216 2280 1322 2336 summis
1338 2284 1357 2332 et
1397 2313 1398 2329 ,

232 2381 405 2440 miserandis
425 2379 628 2438 afflictionibus
649 2382 812 2440 incredibili
835 2382 889 2440 Dei
911 2381 1090 2453 benignitate
1112 2385 1300 2454 respirantem
1317 2381 1359 2437 tuis
1393 2400 1398 2429 ι

233 2493 263 2543 et
283 2486 360 2544 curis
381 2491 410 2542 ot
430 2485 609 2543 orationibus
631 2485 713 2544 unice
735 2487 920 2555 commende,
950 2488 995 2542 <rui
1013 2487 1150 2556 juvandae
1172 2487 1277 2544 nullam
1295 2499 1357 2542 occa·

234 2592 342 2647 sionem
357 2591 571 2662 praetermittes',
593 2609 649 2662 qua
670 2593 829 2649 adversarii
850 2591 1011 2662 intelligere
1027 2591 1150 2662 possint,
1174 2591 1357 2649 illustrissimos
1395 2652 1402 2671 Η

233 2695 376 2766 principes
397 2700 507 2752 vestros
529 2694 686 2765 evangelici
716 2693 835 2752 foederis
863 2693 983 2752 eandem
1005 2693 1090 2764 hujus
1112 2700 1219 2750 uostrae
1240 2693 1356 2749 rationem

234 2815 388 2872 curamque
410 2815 532 2872 gerere,
564 2817 647 2872 quam
674 2803 800 2873 ipsorum
826 2799 950 2872 propriae
979 2798 1106 2856 eeclesiae
1128 2804 1225 2854 essent
1244 2793 1359 2857 habituri,
1401 2845 1402 2864 ,

232 2906 260 2961 in
282 2919 374 2976 eaque
395 2905 504 2962 tuenda
524 2921 579 2962 non
601 2907 739 2962 minorem
760 2906 836 2976 ipsos
864 2904 1065 2961 strenuitatem
1095 2901 1262 2971 ostendere,
1291 2913 1367 2974 qnam,
1382 2866 1402 2985 ί

231 3006 390 3064 adversarii
411 3005 449 3062 ud
469 3005 680 3064 defendendam
701 3023 781 3063 suam
802 3006 951 3063 audaciam
971 3001 1115 3062 adferunt.

311 3104 425 3182 Optime
447 3111 519 3167 vale.

309 3213 354 3270 Ex
375 3215 441 3270 nuta
462 3216 542 3286 regie
566 3213 815 3272 Westmonasterii
836 3215 854 3270 2
876 3213 976 3272 Martii
1000 3215 1083 3269 1559.

970 3314 1143 3375 Guilielmus
1166 3315 1297 3374 Oecilius.

768 3575 841 3634 tad,

577 3708 688 3772 Anton
714 3707 802 3772 Oook
826 3729 869 3772 au
894 3707 1028 3791 Verger.

617 3837 737 3896 London
760 3839 777 3894 5
797 3837 878 3896 Mira
902 3839 986 3896 1559.

296 3936 372 4004 iiber
390 3951 435 4007 die
453 3953 603 4024 religiosen
621 3957 721 4023 wirren
740 3957 770 4010 iu
788 3957 930 4026 England.
989 3963 997 3978 ⁰

295 4045 524 4116 Abgeschriehen
537 4067 586 4106 aus
599 4051 663 4108 dem
675 4051 801 4108 schweiz.
813 4070 940 4108 museum
961 4054 1036 4119 1788,
1057 4055 1117 4118 491,
1138 4053 1175 4110 da
1194 4054 1242 4108 das
1254 4041 1356 4116 original

225 4137 264 4190 im
282 4139 309 4192 k.
329 4140 425 4205 archiv
443 4141 473 4196 in
491 4141 636 4214 Sinthgart
654 4144 734 4200 nieht
752 4147 831 4201 mehr
849 4147 963 4218 vorlag⁸¹

303 4237 347 4294 De
368 4237 454 4296 rebus
475 4243 599 4313 nostris,
629 4260 687 4314 qno
717 4231 746 4300 in
773 4245 837 4302 loeo
863 4247 935 4318 sint,
964 4264 999 4304 ex
1020 4247 1126 4304 litteris
1148 4247 1252 4305 domini
1270 4234 1353 4301 decii

226 4340 387 4409 secretarii,
417 4357 486 4412 quas
509 4346 606 4422 nepoti
627 4351 677 4402 tuo
705 4345 842 4417 tradidit,
872 4348 1026 4419 intelliges.
1068 4349 1270 4409 Promovemur
1289 4346 1352 4402 leuto
