2852 5076
538 691 660 777 Verger
683 715 726 756 an
748 693 866 780 herzog
888 693 1072 778 Christoph.

604 805 685 863 Wien
708 809 746 864 20
767 807 900 866 Februur
923 810 1007 865 1558.

297 907 404 976 Verger
422 907 502 977 giebt
520 907 575 961 den
593 909 686 978 grund
705 927 757 974 an,
790 926 897 964 warum
921 926 951 963 er
975 909 1055 964 nicht
1073 909 1115 965 als
1134 911 1283 980 gesandter
1299 911 1357 965 nach

228 1005 315 1060 Polen
334 1003 479 1075 geschickh
497 1005 597 1058 werde.

306 1103 503 1160 lllustrissime
524 1102 678 1175 Princeps!

307 1206 428 1306 Scriptis
444 1208 506 1278 jam
527 1206 626 1263 alteris
647 1206 752 1265 litteris
773 1207 972 1265 serenissimus
999 1225 1051 1265 rex
1079 1206 1153 1266 dixit
1180 1208 1228 1265 isti
1256 1225 1302 1265 suo
1328 1209 1357 1264 le·
1413 1215 1415 1304 p

227 1319 295 1386 gato
318 1327 451 1382 causam,
484 1326 573 1383 quare
602 1327 658 1367 non
686 1317 770 1381 putet
798 1312 974 1382 consultum,
1007 1317 1040 1368 ut
1065 1327 1116 1368 sua
1137 1313 1218 1385 regia
1240 1312 1359 1371 celsitudo
1414 1307 1415 1348 t

227 1416 368 1487 adjungat
388 1413 456 1472 mibi
476 1413 601 1486 aliquem
623 1431 657 1471 ex
684 1415 743 1472 suis
772 1422 858 1488 atque
884 1415 921 1472 ad
949 1415 1161 1472 serenissimum
1184 1416 1308 1474 Poloniae
1327 1431 1359 1472 re-

227 1535 292 1590 gem
313 1519 416 1576 mittat.
459 1517 529 1574 llam
552 1518 642 1590 igitur
663 1533 777 1574 rausum
798 1517 859 1588 ipsc
883 1515 995 1586 legatus
1016 1534 1112 1575 coram
1133 1520 1274 1577 narrabit.
1311 1521 1359 1592 Ego
1414 1571 1415 1574 ,

215 1615 320 1681 'debeo
342 1623 426 1680 hodie
449 1622 484 1678 de
507 1639 541 1679 ea
561 1639 623 1678 cum
645 1623 827 1680 srrmissimo
853 1639 921 1694 rege
945 1621 1084 1680 conferre.
1126 1625 1244 1684 Utinam
1265 1642 1359 1698 possen
1413 1633 1415 1670 ὲ

228 1735 257 1787 et
279 1730 341 1801 ejus
362 1727 511 1786 consilium
532 1729 658 1785 mutare!
691 1744 756 1785 nam
783 1729 896 1786 interea
923 1728 1027 1800 audio,
1058 1729 1135 1801 quod
1155 1730 1183 1786 d.
1207 1747 1224 1788 a
1246 1729 1359 1788 Lascln¹

226 1835 256 1890 in
277 1833 397 1891 Polonia
417 1821 488 1889 nihil
509 1832 631 1888 remittit
653 1831 810 1903 diligentia
830 1833 859 1890 in
886 1847 938 1888 sna
965 1833 1001 1890 de
1031 1832 1205 1891 eucharistia
1233 1833 1358 1892 sententia

227 1939 436 2011 promovenda,
458 1946 488 1996 et
509 1939 584 2010 quod
606 1937 696 1995 nmlta
717 1943 783 1995 sunt
802 1938 861 1994 illic
883 1937 918 1994 ob
941 1954 1002 1995 earn
1025 1955 1084 1995 rem
1106 1938 1244 1996 scandala
1265 1947 1293 1998 et
1310 1947 1357 1996 tur·
1413 1991 1414 1994 ,

227 2045 368 2112 bationes,
391 2049 420 2100 et
441 2043 517 2116 quod
539 2050 633 2100 tamen
655 2043 705 2115 ini,
728 2043 775 2115 qni
797 2051 861 2101 sunt
883 2044 910 2098 in
934 2045 1044 2115 majore
1057 2043 1178 2100 Polonia
1201 2043 1307 2117 (paucis
1320 2060 1358 2100 er·

227 2148 329 2225 ceptis)
351 2155 485 2206 maneant
507 2155 681 2206 constantes.
909 2131 913 2140 ’

304 2254 500 2312 illustrissime
522 2253 677 2324 Princeps!
709 2253 916 2312 Animaduerto
945 2255 1020 2310 lmnc
1045 2253 1257 2312 serenissimum
1278 2269 1357 2326 regen

226 2360 301 2418 relle
322 2359 352 2415 in
373 2359 489 2429 longum
511 2358 682 2430 protrahere
705 2359 860 2429 negotium,
883 2359 949 2416 dum
963 2359 1055 2431 possit
1075 2359 1111 2416 de
1134 2366 1197 2417 tota
1217 2360 1270 2417 hac
1289 2373 1362 2429 causa!

225 2483 289 2524 cum
310 2465 414 2522 Vestra
436 2460 613 2520 Celsitudine
636 2471 665 2522 et
687 2481 749 2522 cum
771 2465 834 2522 aliis
855 2464 1054 2521 illustrissimis
1076 2465 1253 2537 principibus
1280 2479 1357 2520 coram

225 2567 366 2628 conferre.
416 2568 473 2626 Sed
501 2569 614 2626 interea
642 2569 840 2626 animadverto
868 2570 969 2640 etiam,
1002 2569 1077 2641 quod
1109 2570 1185 2641 perit
1214 2586 1295 2627 cansa
1320 2573 1356 2624 aut

226 2679 304 2732 rerte
327 2672 410 2730 valde
433 2671 561 2730 deterior
582 2672 722 2730 redditur.
765 2673 859 2744 Quare
881 2689 934 2744 per
955 2672 1055 2730 Jesrrm
1078 2673 1224 2732 Christum
1246 2690 1307 2744 oro,
1332 2677 1356 2727 ut

228 2777 376 2835 Celsitudo
398 2776 502 2835 Vestra
522 2777 585 2847 ejus
616 2793 713 2835 curam
738 2777 892 2848 suscipiat,
923 2778 1085 2849 praesertim
1112 2779 1136 2835 si
1157 2777 1356 2836 Franclrlordiae

226 2899 289 2939 cum
309 2881 373 2938 aliis
394 2881 572 2954 principibus
593 2882 689 2939 futura
710 2890 763 2940 est.
805 2883 876 2941 Dico
896 2884 1010 2955 iterum,
1033 2885 1242 2948 causammale
1263 2884 1353 2942 habere

176 3003 179 3012 ’
226 2992 255 3042 et
276 2987 443 3059 periclitari.
475 2986 596 3044 Polonia
617 2983 691 3044 enim
713 3004 743 3044 se
762 3005 823 3044 crim
836 2987 978 3046 Helvetiis
999 2991 1163 3061 conjunget,
1186 2990 1241 3046 nisi
1262 2989 1355 3046 Vestra

225 3089 419 3148 Celsitudines
440 3091 627 3163 providerint.

303 3197 376 3253 Volo
397 3196 511 3268 aperire
532 3197 716 3268 mysterium:
748 3199 946 3256 serenissimus
973 3216 1025 3257 rex
1047 3199 1120 3258 male
1142 3199 1230 3258 sentit
1251 3199 1284 3257 dc
1303 3213 1355 3254 eon·

224 3301 349 3360 l'essione
371 3300 594 3370 Valdensiu1n²‚
625 3303 692 3360 ideo
724 3321 780 3362 non
808 3311 891 3376 putat
917 3307 997 3363 illam
1017 3307 1241 3378 promovendam
1261 3311 1305 3363 aut
1322 3311 1355 3359 to·
1410 3363 1411 3368 γ

223 3406 381 3468 lerandam,
405 3413 435 3464 et
455 3412 550 3464 tamen
568 3407 671 3466 Vestra
686 3409 835 3469 Celsitudo
857 3428 920 3469 eam
941 3412 1012 3470 vidit
1031 3412 1060 3469 in
1082 3413 1237 3470 variatione
1259 3415 1285 3468 et
1303 3421 1353 3478 pru·
1410 3411 1411 3462 ἶ

223 3511 317 3583 bavit,
340 3518 370 3568 et
390 3511 473 3568 multi
494 3518 637 3582 praeterea
657 3514 814 3572 doctissimi
835 3516 890 3573 riri
910 3517 1042 3588 probant.
1084 3516 1131 3574 Sic
1152 3532 1200 3572 res
1222 3523 1273 3574 est,
1309 3513 1354 3567 Sua
1409 3561 1410 3582 ,

223 3617 364 3675 serenitas
384 3617 458 3674 male
481 3616 516 3673 de
537 3616 587 3673 illa
608 3616 786 3678 consessione
808 3622 911 3693 sentit,
940 3639 992 3678 nec
1012 3637 1125 3692 possum
1148 3619 1309 3679 abstrahere
1325 3613 1353 3670 ab

224 3721 277 3781 lrac
299 3719 453 3779 sententia.

302 3825 476 3885 Commendo
497 3843 542 3885 me
565 3832 737 3884 reverenter
759 3826 869 3885 Vestrae
891 3827 1071 3887 Celsitudini.

302 3931 419 3989 Viennae
440 3929 497 3988 XX
518 3928 672 3989 Februarii
696 3932 779 3987 1558.

789 4118 804 4150 u
1127 4014 1287 4108 Vergerius.
1407 4091 1408 4094 ,

293 4183 305 4236 1
326 4181 390 4253 Vgl
412 4200 439 4237 n
458 4185 501 4237 44.

291 4271 391 4339 augi
412 4271 453 4324 ur
473 4290 501 4324 n
514 4271 555 4324 56
585 4270 666 4326 Nach
679 4269 807 4340 ornaery
828 4271 989 4341 geschichte
1002 4271 1051 4325 uer
1064 4264 1346 4326 neumnensium
1406 4229 1407 4320 l

221 4355 243 4422 Ι,
260 4358 349 4412 tuuf.
370 4358 429 4422 471,
448 4357 520 4411 hielt
540 4359 714 4414 Maximilian
734 4358 779 4413 die
798 4357 899 4414 briider
918 4359 961 4412 rur
981 4359 1101 4413 flilscher
1120 4359 1169 4414 der
1187 4356 1271 4418 bihel,
1293 4345 1347 4405 wari
1406 4323 1407 4413 1

221 4445 306 4499 ihnen
325 4444 396 4499 auch
416 4445 595 4515 verbindung
613 4447 666 4500 mii
685 4447 739 4502 den
759 4447 975 4502 wiedartnulern
994 4464 1057 4511 vor;
1079 4465 1098 4500 s
1119 4448 1192 4501 auch
1210 4447 1248 4500 br.
1267 4441 1315 4495 tro

1400 4901 1404 5045 l
