2830 5072
58 385 120 441 1562
589 391 651 454 345

56 577 185 634 pauperes
204 563 349 622 ministros
369 564 553 636 eleemosyna
569 565 626 624 200
639 561 830 624 florenorum¹
847 563 974 636 juvisset
987 565 1191 624 0000000000-

57 684 113 740 qne,
131 667 299 728 incredibile
321 667 400 728 dictu
421 673 476 738 est,
497 684 581 741 quarn
603 674 687 741 grata
708 665 797 728 luerit
817 683 852 726 ea
871 667 965 740 pietas
979 672 1010 727 et
1022 666 1190 738 liberalitas,
1309 733 1311 740 ,

55 772 181 832 excitavit
201 791 236 830 ea
255 774 442 846 plurimorum
463 775 572 832 animoa
592 771 846 846 confirmavitque,
868 773 933 846 qui,
959 788 1022 830 eum
1042 770 1191 844 uidissent,
1242 829 1245 839 ,

54 876 151 950 Papam
170 893 224 951 per
244 879 370 952 legatum
394 879 527 951 petiisse,
559 884 590 937 ut
617 893 653 936 ex
673 875 789 935 Rhaetia
809 875 1026 952 expellerentur
1046 881 1190 952 tamquam

53 981 111 1040 nali
130 983 181 1041 viri
202 989 290 1056 atque
310 982 455 1056 haretici,
485 984 581 1042 statim
609 986 762 1042 senserunt
787 981 923 1040 auxilium
944 981 1041 1042 Patria
1065 981 1191 1042 eoelestis

53 1087 84 1146 ab
103 1104 135 1146 ea
153 1093 253 1162 parte,
284 1106 341 1164 qna
367 1089 461 1148 minus
486 1094 669 1162 sperassent,
701 1103 718 1146 a
739 1086 843 1146 Vestra
864 1086 974 1146 seilicet
994 1085 1191 1146 illustrissima

53 1191 166 1266 Pietate,
187 1193 239 1252 sed
261 1193 297 1254 de
317 1194 362 1254 hie
382 1209 486 1266 eoram,
509 1195 533 1253 si
554 1193 632 1253 Deus
654 1192 785 1252 uoluerit.

122 1296 217 1370 Selegi
239 1298 350 1373 aliquot
368 1305 524 1372 pastorum,
547 1300 596 1373 qui
616 1303 684 1358 sunt
699 1298 783 1357 valde
807 1313 958 1371 pauperes,
980 1295 1096 1370 liberos,
1118 1311 1190 1369 qnos

51 1417 126 1473 spero
152 1420 199 1460 me
224 1403 432 1476 adducturum,
464 1420 536 1478 quos
562 1404 669 1463 Vestra
696 1402 856 1476 Singularis
876 1400 975 1460 Pietas
1001 1401 1137 1474 dignetur
1159 1400 1189 1458 in

49 1505 138 1566 sehola
158 1507 338 1582 Tobiugensi
359 1509 484 1568 educare
497 1507 517 1580 ⁹,
539 1508 779 1584 quemadmodum
798 1507 942 1581 promisit3
963 1507 1056 1566 Deum
1075 1508 1191 1565 immor·

50 1611 146 1685 talem,
175 1630 260 1686 quam
282 1619 366 1688 grata
386 1615 449 1673 Deo
470 1613 568 1672 futura
589 1619 632 1672 est
653 1613 720 1672 talis
740 1614 833 1686 pietas
853 1629 967 1687 quoque
988 1617 1018 1672 et
1039 1628 1123 1686 quam
1145 1625 1190 1670 ce·

50 1715 155 1778 lebreta
176 1717 214 1776 ab
236 1717 366 1778 omnibus
387 1719 532 1792 ecelesiis,
559 1721 588 1778 in
610 1719 713 1794 quibus
733 1724 814 1778 tanta
835 1724 881 1778 est
901 1717 1104 1777 illustrissima
1125 1715 1190 1775 Cel-

49 1820 175 1880 sitndinis
189 1821 301 1880 Vestrae
321 1820 397 1881 fama
417 1825 542 1882 exaltata
562 1822 599 1881 ad
619 1822 735 1882 laudem
745 1821 810 1892 Dei,
830 1827 863 1881 nt
884 1821 930 1880 uix
948 1837 1061 1894 possem
1083 1820 1190 1893 dicere,

50 1923 107 1983 dico
126 1927 244 1998 iterum,
266 1926 401 1986 laudetur
421 1927 515 1986 Deus!

116 2028 205 2086 Volui
226 2027 255 2086 in
276 2027 319 2086 bis
340 2027 446 2088 litteris
466 2044 522 2088 non
545 2028 628 2088 modo
649 2028 685 2087 de
707 2028 834 2087 eeclesiis
855 2028 996 2097 seribere,
1027 2029 1078 2088 sed
1103 2029 1190 2088 etiarn

48 2131 79 2192 de
97 2132 211 2193 loedere
233 2150 296 2192 eum
317 2150 387 2208 rege
409 2133 556 2192 Gallorum
584 2133 764 2206 renouando,
793 2133 862 2206 quid
889 2131 999 2192 scilieet
1019 2134 1132 2193 audiam
1154 2133 1190 2193 de

46 2253 76 2294 eo
95 2255 112 2295 u
131 2239 204 2298 viris
225 2256 282 2297 non
302 2238 528 2309 contemnendis,
549 2237 601 2298 sed
621 2238 797 2298 commodius
817 2239 887 2297 rnihi
908 2237 1031 2310 videtur,
1051 2239 1076 2296 si
1096 2239 1132 2298 de
1154 2253 1189 2297 eo

45 2358 168 2402 seorsum
191 2344 220 2400 in
241 2343 306 2402 aliis
326 2343 431 2402 litteris
452 2344 603 2416 scripsero.
638 2342 725 2402 Pater
746 2343 873 2402 coelestis
894 2344 1005 2402 Vestrae
1025 2343 1189 2402 Illustrissi·

45 2462 91 2503 unae
105 2443 288 2506 Oelsltudini'
300 2453 407 2520 augeat
428 2463 480 2506 sua
500 2447 597 2506 diuina
618 2445 693 2506 dona
708 2453 795 2521 atque
812 2449 964 2508 thesauros
979 2465 1031 2522 per
1043 2447 1188 2508 Christum

45 2549 186 2610 domiuum
198 2557 337 2610 nostrum.
359 2551 533 2610 Commendo
548 2567 594 2609 me
609 2557 779 2610 reverenter
789 2552 901 2611 Vestrae
913 2553 1058 2627 Singulari
1072 2555 1188 2620 Pietati.

114 2683 227 2742 Datum
247 2682 343 2742 Guriae
364 2681 532 2741 Rhaetorum
552 2685 591 2741 20
611 2682 681 2742 Meii
704 2685 788 2742 1562.

343 2784 545 2844 illustrissimae
567 2784 753 2844 celsitudinis
774 2785 886 2844 Vestrae

803 2892 926 2952 servitor
947 2892 1109 2964 Vergerius.
1141 2963 1151 2986 f

109 3017 328 3089 Eigenhiundige
348 3019 594 3088 roudbemerluung
613 3019 660 3074 dea
679 3019 808 3091 herzoga:

106 3123 123 3158 e
142 3103 225 3159 Habe
245 3121 315 3174 genn
335 3104 452 3173 gehort,
477 3105 527 3160 das
551 3105 601 3158 das
625 3105 804 3176 evangelium
828 3107 887 3160 aleo
905 3105 963 3160 einh
983 3105 1071 3161 durch
1091 3107 1187 3162 (lothes

41 3192 126 3259 gnadt
145 3189 316 3246 auilbreiten
336 3190 412 3245 bhue.

583 3445 648 3502 155.

347 3572 472 3660 Verger
494 3597 536 3640 an
559 3575 679 3661 herzog
701 3573 886 3661 Obrisboph.

452 3703 531 3762 Ghur
551 3707 589 3761 ‘20
610 3705 669 3763 Mai
693 3707 776 3762 1562.

108 3823 214 3894 Fragb,
243 3825 280 3879 ob
308 3841 337 3880 er
365 3823 436 3879 noch
463 3823 564 3893 linger
587 3823 617 3878 in
637 3799 711 3880 Chur
734 3824 846 3880 bleiben
866 3825 935 3880 solie
960 3826 1017 3879 und
1037 3823 1122 3878 bittet
1142 3843 1186 3877 um
1286 3829 1289 3834 '

41 3922 113 3990 geld.

117 4019 315 4078 Illustrissinue
336 4019 474 4093 Princeps
495 4025 525 4078 et
543 4019 666 4079 Domine
686 4021 808 4079 Domine
831 4019 1074 4079 Clementissimei

121 4124 320 4184 Illostuissima
330 4123 478 4184 Oelsitudo
488 4123 593 4184 Vestra
607 4125 773 4200 dignabitur
787 4141 838 4196 pro
850 4139 901 4182 sua
916 4123 1068 4184 elementia
1077 4126 1189 4180 attente

607 4256 621 4289 *

112 4357 127 4410 1
145 4355 170 4409 s,
193 4374 221 4410 n.
242 4357 302 4410 reu.

109 4443 208 4514 angl.
229 4461 257 4497 n.
278 4443 337 4536 ree.
