2830 5072
52 329 112 382 1562
581 331 639 394 321

48 503 118 575 potui
135 502 213 578 prius
233 501 341 561 habere
362 507 456 561 tutum
476 503 622 574 nuntium,
651 517 736 574 spero
764 518 809 560 me
837 501 866 558 in
894 501 993 562 reditu
1013 502 1178 564 habituram

48 623 126 676 novo,
156 607 224 679 quid
251 605 302 666 liet
328 609 358 666 in
385 607 443 666 illis
463 607 595 682 Alpibus.
643 605 889 666 commendoms
915 614 1085 666 reverenter
1109 607 1179 666 Illu-

47 712 178 769 strissimae
205 709 377 770 Gelsitudini
404 706 525 770 Vestrae.
574 709 677 770 Gratia
708 717 738 770 et
768 727 824 784 pax
855 711 962 770 domini
990 713 1082 770 nostri
1109 712 1179 772 Jesn

47 814 142 874 Christi
161 833 254 874 amen.

112 920 214 978 Datum
236 919 375 992 Tnbiogae
397 923 414 978 7
435 919 567 978 launarii
588 935 666 978 auno
691 921 774 977 1562.

259 1025 465 1084 Illustrissimae
486 1025 674 1084 (lelsitndinis
693 1025 808 1083 Vestrae
828 1026 953 1084 servitor

932 1127 1100 1202 vergerios'.

184 1233 402 1307 Postseriptum.

110 1335 251 1395 observet
263 1337 369 1396 Vestra
382 1336 581 1396 illustrissima
594 1335 744 1395 Gelsitodo
765 1336 817 1395 illa
838 1335 927 1396 verba
947 1337 1023 1410 regia
1040 1335 1178 1394 Navarra

20 1440 116 1498 ahur
136 1439 274 1499 Borbonii
294 1439 350 1500 luit
371 1440 472 1500 Gallus
494 1447 525 1500 et
553 1457 609 1500 non
630 1441 736 1509 Italos,
765 1441 1010 1514 solidissimus«
1052 1441 1115 1514 Ego
1136 1440 1177 1498 sic

42 1543 174 1618 intelligo:
195 1545 255 1603 dux
268 1544 405 1604 Borbonii
421 1545 541 1605 Romam
554 1561 709 1620 aggressos
725 1551 770 1604 est
790 1543 871 1621 (licet
891 1543 1069 1621 infeliciter),
1090 1561 1179 1619 qnare

43 1645 166 1706 Navarrae
192 1665 247 1706 rex
276 1649 390 1722 innuit,
422 1667 453 1708 se
482 1665 597 1723 qnoque
625 1647 688 1724 (qui
709 1649 810 1708 Gallus
829 1649 880 1725 sit)
901 1649 1059 1708 Romanam
1080 1649 1179 1708 urbem

43 1752 202 1823 invasurum,
224 1758 314 1825 atque
335 1752 390 1811 hoc
410 1761 455 1812 est
476 1754 522 1830 (ut
542 1754 705 1828 existimo),
727 1752 804 1826 quod
825 1753 904 1824 Papa
923 1753 1037 1824 metuit,
1058 1754 1180 1814 eumad

44 1853 159 1914 dominos
180 1857 312 1915 Venetos
332 1859 489 1930 scripserit,
511 1877 547 1917 ne
568 1857 664 1916 desint
684 1858 802 1929 auxilio,
823 1857 848 1915 si
869 1857 938 1929 quid
957 1857 1180 1917 deLntheranis

42 1959 169 2018 audirent.

574 2226 639 2282 143.

327 2351 455 2438 Verger
477 2375 520 2418 an
543 2353 663 2438 herzog
685 2351 872 2436 Christoph.

379 2487 529 2562 Thbingen
552 2491 589 2548 10
608 2489 720 2548 dannan
743 2489 828 2547 1562.

102 2593 176 2661 Uber
194 2607 276 2662 scine
295 2607 408 2673 schrift,
430 2609 475 2663 die
494 2626 525 2662 er
542 2610 606 2665 dem
626 2608 755 2663 cardinal
774 2625 828 2662 von
847 2608 965 2663 l'errnra
984 2608 1104 2663 widnaen
1123 2609 1179 2662 und

43 2701 195 2758 anschioken
214 2703 285 2758 will.

107 2800 304 2861 illustrissime
326 2803 465 2876 Princeps
487 2809 518 2862 et
537 2803 660 2862 Domine
681 2803 804 2862 Domine
826 2802 1070 2861 clementissime!

106 2905 233 2965 Materia
254 2905 291 2965 de
308 2908 489 2980 iuramentis,
511 2907 614 2980 quibus
636 2909 715 2981 Papa
735 2909 883 2980 episcopos
904 2905 1028 2979 obligat,
1049 2913 1081 2965 ot
1100 2923 1175 2966 sem-

43 3023 86 3079 per
102 3019 242 3083 papatum
262 3011 428 3086 defendant,
449 3015 518 3072 mihi
538 3013 654 3072 videtur
673 3016 824 3088 permagni
836 3029 899 3072 esse
916 3013 1063 3085 momenti,
1085 3029 1179 3085 neque

43 3114 101 3172 setis
121 3123 190 3176 nota
211 3117 354 3190 omuibus
375 3126 463 3193 atque
484 3119 550 3179 idco
570 3119 649 3178 illam
669 3121 822 3191 attigeram
843 3121 881 3178 im
895 3117 1005 3176 duabus
1025 3117 1098 3176 meis
1119 3118 1179 3188 epi-

41 3219 123 3289 stolis‚
150 3223 249 3281 altera
275 3222 312 3280 ad
332 3230 431 3297 patres
451 3223 655 3295 Tridentinos,
686 3223 781 3280 altera
801 3221 838 3279 ad
857 3223 987 3294 reginam
1008 3221 1179 3280 Galliarum.

42 3318 101 3380 Com
120 3342 189 3386 vero
211 3327 320 3386 Vestra
342 3327 491 3388 Celsitndo
511 3329 630 3401 dignata
654 3325 758 3385 inisset
778 3344 823 3385 me
843 3342 897 3398 per
915 3326 1031 3385 litteras
1051 3341 1178 3397 monere,

42 3428 106 3495 qood
125 3428 260 3490 fortassis
280 3448 337 3490 non
359 3439 437 3492 esset
463 3448 577 3505 verum,
606 3431 682 3504 quod
704 3430 866 3489 Tridentini
894 3435 993 3503 patres
1019 3429 1179 3504 petiissent,

39 3528 190 3598 juramenta
211 3536 269 3594 sibi
290 3537 436 3609 relaxari,
467 3553 521 3608 ego
549 3541 703 3608 utromque
731 3550 825 3593 meum
853 3534 991 3606 scriptum
1017 3535 1179 3608 suppressi3

42 3629 86 3692 init
105 3639 178 3696 enim
197 3639 455 3711 prudentissimum
469 3641 581 3698 Vestrae
600 3638 787 3698 Celsitndinis
808 3639 973 3710 consilinm;
994 3639 1084 3695 multa
1104 3639 1181 3696 euim

42 3739 201 3814 scribuntur,
225 3759 289 3814 quae
310 3751 411 3818 postea
432 3761 488 3802 non
509 3745 695 3803 inveniuntur
715 3759 793 3802 vera.
835 3742 894 3802 Sed
919 3759 982 3800 com
1001 3744 1124 3801 materia
1143 3741 1182 3800 sit

43 3839 79 3914 (ot
97 3845 167 3923 dixi)
188 3865 247 3906 non
269 3849 351 3922 parvi
371 3851 507 3908 momenti
517 3863 528 3922 ,·
545 3849 641 3908 inveni
662 3850 772 3918 locum,
794 3847 844 3905 ubi
864 3865 928 3906 eam
948 3848 1130 3918 collocarem,
1150 3848 1180 3904 in

43 3947 154 4018 epistola
174 3951 302 4024 scilicet,
334 3969 419 4027 quam
441 3954 478 4013 ad
498 3953 674 4012 cardinalem
695 3951 842 4010 Ferraria
862 3953 1008 4023 composui
1023 3951 1046 4021 ¹,
1074 3952 1104 4008 in
1125 3968 1182 4024 qua

42 4054 150 4113 ostendo
170 4059 269 4129 etiam,
290 4057 368 4130 qnod
390 4059 438 4115 vix
458 4074 476 4116 a
496 4061 555 4116 300
575 4057 658 4116 annis
679 4073 761 4130 papae
780 4056 859 4114 illam
880 4057 1074 4129 corruptelam
1093 4062 1180 4128 atque

42 4158 213 4224 tyrannidem
234 4162 414 4234 invexerint,
445 4169 475 4222 ot
494 4169 597 4236 postea
617 4161 668 4220 illa
688 4162 788 4221 volunt
815 4177 867 4220 sna
892 4161 1012 4218 concilia
1041 4143 1181 4230 'svtabihre

601 4285 615 4315 ss

107 4373 121 4432 1,
138 4374 165 4428 S.
183 4394 212 4429 n.
232 4377 291 4432 142.

90 4473 177 4532 Verres
