<?xml version="1.0" encoding="UTF-8"?>
<!DOCTYPE html PUBLIC "-//W3C//DTD XHTML 1.0 Transitional//EN"
    "http://www.w3.org/TR/xhtml1/DTD/xhtml1-transitional.dtd">
<html xmlns="http://www.w3.org/1999/xhtml" xml:lang="en" lang="en">
 <head>
  <title>
</title>
<meta http-equiv="Content-Type" content="text/html;charset=utf-8" />
  <meta name='ocr-system' content='tesseract 3.04.00' />
  <meta name='ocr-capabilities' content='ocr_page ocr_carea ocr_par ocr_line ocrx_word'/>
</head>
<body>
  <div class='ocr_page' id='page_1' title='image "./briefwechselzwi01verggoog/briefwechselzwi01verggoog_0336.png"; bbox 0 0 2830 5072; ppageno 0'>
   <div class='ocr_carea' id='block_1_1' title="bbox 48 369 624 446">
    <p class='ocr_par' dir='ltr' id='par_1_1' title="bbox 48 369 624 446">
     <span class='ocr_line' id='line_1_1' title="bbox 48 369 624 446; baseline -0.002 -11"><span class='ocrx_word' id='word_1_1' title='bbox 48 381 105 436; x_wconf 79' lang='lat' dir='ltr'><strong>loct</strong></span> <span class='ocrx_word' id='word_1_2' title='bbox 411 369 413 376; x_wconf 88' lang='lat'>&#39;</span> <span class='ocrx_word' id='word_1_3' title='bbox 563 383 624 446; x_wconf 79' lang='lat'><strong>325</strong></span> 
     </span>
    </p>
   </div>
   <div class='ocr_carea' id='block_1_2' title="bbox 38 551 1257 2706">
    <p class='ocr_par' dir='ltr' id='par_1_2' title="bbox 42 551 1166 1138">
     <span class='ocr_line' id='line_1_2' title="bbox 109 551 1165 629; baseline -0.001 -14"><span class='ocrx_word' id='word_1_4' title='bbox 109 555 237 627; x_wconf 77' lang='lat' dir='ltr'><strong>Princeps</strong></span> <span class='ocrx_word' id='word_1_5' title='bbox 249 553 373 626; x_wconf 90' lang='lat' dir='ltr'><strong>Optime,</strong></span> <span class='ocrx_word' id='word_1_6' title='bbox 394 569 465 626; x_wconf 90' lang='lat' dir='ltr'><strong>opus</strong></span> <span class='ocrx_word' id='word_1_7' title='bbox 480 553 535 614; x_wconf 86' lang='lat' dir='ltr'><strong>Dei</strong></span> <span class='ocrx_word' id='word_1_8' title='bbox 555 551 610 612; x_wconf 84' lang='lat' dir='ltr'><strong>init</strong></span> <span class='ocrx_word' id='word_1_9' title='bbox 631 555 731 626; x_wconf 86' lang='lat' dir='ltr'><strong>procul</strong></span> <span class='ocrx_word' id='word_1_10' title='bbox 752 553 849 624; x_wconf 91' lang='lat' dir='ltr'><strong>dubio,</strong></span> <span class='ocrx_word' id='word_1_11' title='bbox 869 553 946 629; x_wconf 88' lang='lat' dir='ltr'><strong>quod</strong></span> <span class='ocrx_word' id='word_1_12' title='bbox 965 555 1014 614; x_wconf 89' lang='lat' dir='ltr'><strong>isti</strong></span> <span class='ocrx_word' id='word_1_13' title='bbox 1034 555 1092 614; x_wconf 80' lang='lat'><strong>200</strong></span> <span class='ocrx_word' id='word_1_14' title='bbox 1112 553 1165 614; x_wconf 89' lang='lat' dir='ltr'><strong>flo-</strong></span> 
     </span>
     <span class='ocr_line' id='line_1_3' title="bbox 44 657 1166 731; baseline -0.004 -11"><span class='ocrx_word' id='word_1_15' title='bbox 44 662 95 720; x_wconf 88' lang='lat' dir='ltr'><strong>roui</strong></span> <span class='ocrx_word' id='word_1_16' title='bbox 111 658 211 720; x_wconf 87' lang='lat' dir='ltr'><strong>inerint</strong></span> <span class='ocrx_word' id='word_1_17' title='bbox 228 660 258 718; x_wconf 91' lang='lat' dir='ltr'><strong>in</strong></span> <span class='ocrx_word' id='word_1_18' title='bbox 280 659 490 731; x_wconf 79' lang='lat' dir='ltr'>eleemosynam</span> <span class='ocrx_word' id='word_1_19' title='bbox 512 659 603 730; x_wconf 80' lang='lat' dir='ltr'><strong>missi3</strong></span> <span class='ocrx_word' id='word_1_20' title='bbox 626 665 671 719; x_wconf 87' lang='lat' dir='ltr'><strong>est</strong></span> <span class='ocrx_word' id='word_1_21' title='bbox 685 659 761 718; x_wconf 90' lang='lat' dir='ltr'><strong>enim</strong></span> <span class='ocrx_word' id='word_1_22' title='bbox 777 657 886 718; x_wconf 81' lang='lat' dir='ltr'><strong>referta</strong></span> <span class='ocrx_word' id='word_1_23' title='bbox 900 663 961 718; x_wconf 87' lang='lat' dir='ltr'><strong>tota</strong></span> <span class='ocrx_word' id='word_1_24' title='bbox 980 659 1094 720; x_wconf 75' lang='lat' dir='ltr'><strong>Rhatia</strong></span> <span class='ocrx_word' id='word_1_25' title='bbox 1115 659 1166 718; x_wconf 88' lang='lat' dir='ltr'><strong>tuli</strong></span> 
     </span>
     <span class='ocr_line' id='line_1_4' title="bbox 42 763 1165 838; baseline 0 -14"><span class='ocrx_word' id='word_1_26' title='bbox 42 764 214 824; x_wconf 87' lang='lat' dir='ltr'><strong>munificentia</strong></span> <span class='ocrx_word' id='word_1_27' title='bbox 234 769 263 822; x_wconf 88' lang='lat' dir='ltr'><strong>ot</strong></span> <span class='ocrx_word' id='word_1_28' title='bbox 283 764 401 836; x_wconf 88' lang='lat' dir='ltr'><strong>pietate,</strong></span> <span class='ocrx_word' id='word_1_29' title='bbox 423 769 454 822; x_wconf 88' lang='lat' dir='ltr'><strong>et</strong></span> <span class='ocrx_word' id='word_1_30' title='bbox 474 765 560 823; x_wconf 90' lang='lat' dir='ltr'><strong>cessit</strong></span> <span class='ocrx_word' id='word_1_31' title='bbox 581 779 638 822; x_wconf 93' lang='lat' dir='ltr'><strong>non</strong></span> <span class='ocrx_word' id='word_1_32' title='bbox 660 764 746 823; x_wconf 92' lang='lat' dir='ltr'><strong>modo</strong></span> <span class='ocrx_word' id='word_1_33' title='bbox 761 765 790 822; x_wconf 89' lang='lat' dir='ltr'><strong>in</strong></span> <span class='ocrx_word' id='word_1_34' title='bbox 806 780 937 838; x_wconf 81' lang='lat' dir='ltr'><strong>maguam</strong></span> <span class='ocrx_word' id='word_1_35' title='bbox 947 764 1003 823; x_wconf 88' lang='lat' dir='ltr'><strong>Dei</strong></span> <span class='ocrx_word' id='word_1_36' title='bbox 1018 763 1165 824; x_wconf 83' lang='lat' dir='ltr'><strong>etOhristi</strong></span> 
     </span>
     <span class='ocr_line' id='line_1_5' title="bbox 43 867 1166 946; baseline 0.002 -20"><span class='ocrx_word' id='word_1_37' title='bbox 43 871 144 943; x_wconf 79' lang='lat' dir='ltr'>gloriam</span> <span class='ocrx_word' id='word_1_38' title='bbox 163 869 248 946; x_wconf 85' lang='lat' dir='ltr'><strong>(quod</strong></span> <span class='ocrx_word' id='word_1_39' title='bbox 269 867 402 944; x_wconf 82' lang='lat' dir='ltr'><strong>affirmo),</strong></span> <span class='ocrx_word' id='word_1_40' title='bbox 425 869 477 927; x_wconf 89' lang='lat' dir='ltr'><strong>sed</strong></span> <span class='ocrx_word' id='word_1_41' title='bbox 497 883 596 927; x_wconf 87' lang='lat' dir='ltr'><strong>omncs</strong></span> <span class='ocrx_word' id='word_1_42' title='bbox 619 885 669 928; x_wconf 88' lang='lat' dir='ltr'><strong>eos</strong></span> <span class='ocrx_word' id='word_1_43' title='bbox 684 869 807 942; x_wconf 86' lang='lat' dir='ltr'><strong>populos</strong></span> <span class='ocrx_word' id='word_1_44' title='bbox 827 867 999 928; x_wconf 88' lang='lat' dir='ltr'><strong>mirabiliter</strong></span> <span class='ocrx_word' id='word_1_45' title='bbox 1018 867 1116 928; x_wconf 79' lang='lat' dir='ltr'><strong>affecit</strong></span> <span class='ocrx_word' id='word_1_46' title='bbox 1136 873 1166 928; x_wconf 91' lang='lat' dir='ltr'><strong>et</strong></span> 
     </span>
     <span class='ocr_line' id='line_1_6' title="bbox 43 971 1166 1048; baseline -0.003 -15"><span class='ocrx_word' id='word_1_47' title='bbox 43 975 163 1034; x_wconf 75' lang='lat' dir='ltr'><strong>continuit</strong></span> <span class='ocrx_word' id='word_1_48' title='bbox 181 975 209 1032; x_wconf 90' lang='lat' dir='ltr'><strong>in</strong></span> <span class='ocrx_word' id='word_1_49' title='bbox 230 972 341 1046; x_wconf 82' lang='lat' dir='ltr'><strong>offici03</strong></span> <span class='ocrx_word' id='word_1_50' title='bbox 363 990 451 1048; x_wconf 87' lang='lat' dir='ltr'><strong>quara</strong></span> <span class='ocrx_word' id='word_1_51' title='bbox 473 974 496 1032; x_wconf 89' lang='lat' dir='ltr'><strong>si</strong></span> <span class='ocrx_word' id='word_1_52' title='bbox 518 990 594 1032; x_wconf 89' lang='lat' dir='ltr'><strong>nunc</strong></span> <span class='ocrx_word' id='word_1_53' title='bbox 613 975 842 1046; x_wconf 84' lang='lat' dir='ltr'><strong>supervenirem,</strong></span> <span class='ocrx_word' id='word_1_54' title='bbox 863 973 958 1032; x_wconf 88' lang='lat' dir='ltr'><strong>omnia</strong></span> <span class='ocrx_word' id='word_1_55' title='bbox 979 979 1075 1032; x_wconf 79' lang='lat' dir='ltr'><strong>essent</strong></span> <span class='ocrx_word' id='word_1_56' title='bbox 1095 971 1166 1031; x_wconf 93' lang='lat' dir='ltr'><strong>mihi</strong></span> 
     </span>
     <span class='ocr_line' id='line_1_7' title="bbox 42 1076 256 1138; baseline -0.005 -2"><span class='ocrx_word' id='word_1_57' title='bbox 42 1076 105 1138; x_wconf 85' lang='lat' dir='ltr'><strong>iectu</strong></span> <span class='ocrx_word' id='word_1_58' title='bbox 121 1077 256 1138; x_wconf 74' lang='lat' dir='ltr'><strong>faciliora.</strong></span> 
     </span>
    </p>

    <p class='ocr_par' dir='ltr' id='par_1_3' title="bbox 38 1181 1257 2706">
     <span class='ocr_line' id='line_1_8' title="bbox 105 1181 1166 1256; baseline 0.001 -15"><span class='ocrx_word' id='word_1_59' title='bbox 105 1181 320 1254; x_wconf 74' lang='lat' dir='ltr'><strong>divideremus,</strong></span> <span class='ocrx_word' id='word_1_60' title='bbox 341 1183 517 1240; x_wconf 85' lang='lat' dir='ltr'><strong>uoluntatem</strong></span> <span class='ocrx_word' id='word_1_61' title='bbox 539 1181 594 1240; x_wconf 89' lang='lat' dir='ltr'><strong>Dei</strong></span> <span class='ocrx_word' id='word_1_62' title='bbox 616 1200 672 1241; x_wconf 91' lang='lat' dir='ltr'><strong>non</strong></span> <span class='ocrx_word' id='word_1_63' title='bbox 693 1199 770 1256; x_wconf 83' lang='lat' dir='ltr'><strong>esse,</strong></span> <span class='ocrx_word' id='word_1_64' title='bbox 791 1182 868 1254; x_wconf 89' lang='lat' dir='ltr'><strong>quod</strong></span> <span class='ocrx_word' id='word_1_65' title='bbox 889 1188 1003 1255; x_wconf 80' lang='lat' dir='ltr'>egomet</span> <span class='ocrx_word' id='word_1_66' title='bbox 1024 1198 1116 1242; x_wconf 86' lang='lat' dir='ltr'><strong>essem</strong></span> <span class='ocrx_word' id='word_1_67' title='bbox 1135 1183 1166 1242; x_wconf 91' lang='lat' dir='ltr'><strong>in</strong></span> 
     </span>
     <span class='ocr_line' id='line_1_9' title="bbox 42 1286 1167 1362; baseline 0.001 -17"><span class='ocrx_word' id='word_1_68' title='bbox 42 1286 144 1345; x_wconf 86' lang='lat' dir='ltr'><strong>Galliam</strong></span> <span class='ocrx_word' id='word_1_69' title='bbox 163 1287 266 1359; x_wconf 86' lang='lat' dir='ltr'><strong>iturus,</strong></span> <span class='ocrx_word' id='word_1_70' title='bbox 288 1287 432 1346; x_wconf 83' lang='lat' dir='ltr'><strong>mitterem</strong></span> <span class='ocrx_word' id='word_1_71' title='bbox 453 1293 596 1362; x_wconf 88' lang='lat' dir='ltr'><strong>nepotem,</strong></span> <span class='ocrx_word' id='word_1_72' title='bbox 618 1288 666 1360; x_wconf 88' lang='lat' dir='ltr'><strong>qui</strong></span> <span class='ocrx_word' id='word_1_73' title='bbox 686 1303 751 1346; x_wconf 90' lang='lat' dir='ltr'><strong>mea</strong></span> <span class='ocrx_word' id='word_1_74' title='bbox 766 1288 874 1361; x_wconf 87' lang='lat' dir='ltr'><strong>scripta</strong></span> <span class='ocrx_word' id='word_1_75' title='bbox 889 1293 950 1346; x_wconf 90' lang='lat' dir='ltr'><strong>tum</strong></span> <span class='ocrx_word' id='word_1_76' title='bbox 965 1287 1167 1348; x_wconf 83' lang='lat' dir='ltr'><strong>christianissi-</strong></span> 
     </span>
     <span class='ocr_line' id='line_1_10' title="bbox 40 1385 1166 1465; baseline 0.004 -17"><span class='ocrx_word' id='word_1_77' title='bbox 40 1409 83 1449; x_wconf 89' lang='lat' dir='ltr'><strong>mae</strong></span> <span class='ocrx_word' id='word_1_78' title='bbox 100 1393 210 1464; x_wconf 77' lang='lat' dir='ltr'><strong>regina,</strong></span> <span class='ocrx_word' id='word_1_79' title='bbox 233 1399 292 1449; x_wconf 92' lang='lat' dir='ltr'><strong>tum</strong></span> <span class='ocrx_word' id='word_1_80' title='bbox 314 1391 499 1450; x_wconf 86' lang='lat' dir='ltr'><strong>serenissimo</strong></span> <span class='ocrx_word' id='word_1_81' title='bbox 514 1391 653 1451; x_wconf 80' lang='lat' dir='ltr'><strong>Navarra</strong></span> <span class='ocrx_word' id='word_1_82' title='bbox 668 1391 874 1465; x_wconf 61' lang='lat' dir='ltr'><strong>regratiarum</strong></span> <span class='ocrx_word' id='word_1_83' title='bbox 896 1391 947 1452; x_wconf 91' lang='lat' dir='ltr'><strong>sed</strong></span> <span class='ocrx_word' id='word_1_84' title='bbox 961 1390 1014 1452; x_wconf 88' lang='lat' dir='ltr'><strong>fiat</strong></span> <span class='ocrx_word' id='word_1_85' title='bbox 1034 1385 1166 1453; x_wconf 85' lang='lat' dir='ltr'><strong>voluutas</strong></span> 
     </span>
     <span class='ocr_line' id='line_1_11' title="bbox 40 1495 1167 1572; baseline 0.004 -18"><span class='ocrx_word' id='word_1_86' title='bbox 40 1496 150 1568; x_wconf 86' lang='lat' dir='ltr'><strong>Domini,</strong></span> <span class='ocrx_word' id='word_1_87' title='bbox 178 1513 348 1571; x_wconf 88' lang='lat' dir='ltr'><strong>quamquam</strong></span> <span class='ocrx_word' id='word_1_88' title='bbox 370 1513 482 1570; x_wconf 89' lang='lat' dir='ltr'><strong>possem</strong></span> <span class='ocrx_word' id='word_1_89' title='bbox 504 1503 620 1570; x_wconf 81' lang='lat' dir='ltr'><strong>egomet</strong></span> <span class='ocrx_word' id='word_1_90' title='bbox 640 1503 741 1570; x_wconf 87' lang='lat' dir='ltr'><strong>postea</strong></span> <span class='ocrx_word' id='word_1_91' title='bbox 761 1496 849 1556; x_wconf 88' lang='lat' dir='ltr'><strong>etiam</strong></span> <span class='ocrx_word' id='word_1_92' title='bbox 869 1497 899 1554; x_wconf 93' lang='lat' dir='ltr'><strong>in</strong></span> <span class='ocrx_word' id='word_1_93' title='bbox 922 1495 1060 1570; x_wconf 81' lang='lat' dir='ltr'><strong>Galliam,</strong></span> <span class='ocrx_word' id='word_1_94' title='bbox 1088 1505 1167 1572; x_wconf 89' lang='lat' dir='ltr'><strong>post-</strong></span> 
     </span>
     <span class='ocr_line' id='line_1_12' title="bbox 40 1598 1217 1680; baseline 0.006 -24"><span class='ocrx_word' id='word_1_95' title='bbox 40 1615 170 1680; x_wconf 85' lang='lat' dir='ltr'><strong>quamme</strong></span> <span class='ocrx_word' id='word_1_96' title='bbox 191 1617 228 1659; x_wconf 87' lang='lat' dir='ltr'><strong>ex</strong></span> <span class='ocrx_word' id='word_1_97' title='bbox 249 1599 362 1660; x_wconf 86' lang='lat' dir='ltr'><strong>Rhaetia</strong></span> <span class='ocrx_word' id='word_1_98' title='bbox 390 1599 590 1672; x_wconf 84' lang='lat' dir='ltr'><strong>extricassem;</strong></span> <span class='ocrx_word' id='word_1_99' title='bbox 618 1599 659 1658; x_wconf 93' lang='lat' dir='ltr'><strong>ihi</strong></span> <span class='ocrx_word' id='word_1_100' title='bbox 679 1598 811 1672; x_wconf 88' lang='lat' dir='ltr'><strong>proiecto</strong></span> <span class='ocrx_word' id='word_1_101' title='bbox 832 1600 982 1662; x_wconf 86' lang='lat' dir='ltr'><strong>videorne</strong></span> <span class='ocrx_word' id='word_1_102' title='bbox 1004 1619 1061 1660; x_wconf 93' lang='lat' dir='ltr'><strong>non</strong></span> <span class='ocrx_word' id='word_1_103' title='bbox 1082 1603 1167 1662; x_wconf 93' lang='lat' dir='ltr'><strong>modo</strong></span> <span class='ocrx_word' id='word_1_104' title='bbox 1215 1663 1217 1672; x_wconf 73' lang='grc'>,</span> 
     </span>
     <span class='ocr_line' id='line_1_13' title="bbox 39 1695 1257 1778; baseline 0.007 -18"><span class='ocrx_word' id='word_1_105' title='bbox 39 1695 148 1762; x_wconf 85' lang='lat' dir='ltr'><strong>futurum</strong></span> <span class='ocrx_word' id='word_1_106' title='bbox 167 1715 220 1777; x_wconf 89' lang='lat' dir='ltr'><strong>per</strong></span> <span class='ocrx_word' id='word_1_107' title='bbox 241 1703 353 1778; x_wconf 81' lang='lat' dir='ltr'><strong>aliquot</strong></span> <span class='ocrx_word' id='word_1_108' title='bbox 372 1719 485 1762; x_wconf 89' lang='lat' dir='ltr'><strong>menses</strong></span> <span class='ocrx_word' id='word_1_109' title='bbox 507 1703 616 1778; x_wconf 81' lang='lat' dir='ltr'><strong>utilem,</strong></span> <span class='ocrx_word' id='word_1_110' title='bbox 637 1705 688 1764; x_wconf 87' lang='lat' dir='ltr'><strong>sed</strong></span> <span class='ocrx_word' id='word_1_111' title='bbox 710 1706 920 1765; x_wconf 87' lang='lat' dir='ltr'><strong>necessarium:</strong></span> <span class='ocrx_word' id='word_1_112' title='bbox 948 1708 989 1766; x_wconf 91' lang='lat' dir='ltr'><strong>sio</strong></span> <span class='ocrx_word' id='word_1_113' title='bbox 1009 1707 1085 1766; x_wconf 88' lang='lat' dir='ltr'><strong>enim</strong></span> <span class='ocrx_word' id='word_1_114' title='bbox 1106 1711 1166 1768; x_wconf 82' lang='lat' dir='ltr'><strong>exi·</strong></span> <span class='ocrx_word' id='word_1_115' title='bbox 1255 1695 1257 1702; x_wconf 65' lang='grc'><em>’</em></span> 
     </span>
     <span class='ocr_line' id='line_1_14' title="bbox 44 1808 1168 1885; baseline 0.005 -18"><span class='ocrx_word' id='word_1_116' title='bbox 44 1808 126 1881; x_wconf 83' lang='lat' dir='ltr'><strong>stuc,</strong></span> <span class='ocrx_word' id='word_1_117' title='bbox 144 1815 174 1868; x_wconf 91' lang='lat' dir='ltr'><strong>ot</strong></span> <span class='ocrx_word' id='word_1_118' title='bbox 192 1811 277 1868; x_wconf 91' lang='lat' dir='ltr'><strong>multi</strong></span> <span class='ocrx_word' id='word_1_119' title='bbox 297 1811 327 1868; x_wconf 93' lang='lat' dir='ltr'><strong>in</strong></span> <span class='ocrx_word' id='word_1_120' title='bbox 347 1810 461 1870; x_wconf 77' lang='lat' dir='ltr'><strong>Rhaetia</strong></span> <span class='ocrx_word' id='word_1_121' title='bbox 482 1811 662 1885; x_wconf 78' lang='lat' dir='ltr'><strong>existimant3</strong></span> <span class='ocrx_word' id='word_1_122' title='bbox 688 1811 740 1870; x_wconf 86' lang='lat' dir='ltr'><strong>sed</strong></span> <span class='ocrx_word' id='word_1_123' title='bbox 760 1811 825 1871; x_wconf 90' lang='lat' dir='ltr'><strong>dico</strong></span> <span class='ocrx_word' id='word_1_124' title='bbox 844 1813 959 1884; x_wconf 89' lang='lat' dir='ltr'><strong>iterum,</strong></span> <span class='ocrx_word' id='word_1_125' title='bbox 980 1811 1030 1872; x_wconf 88' lang='lat' dir='ltr'><strong>fiat</strong></span> <span class='ocrx_word' id='word_1_126' title='bbox 1052 1812 1168 1873; x_wconf 87' lang='lat' dir='ltr'><strong>Domini</strong></span> 
     </span>
     <span class='ocr_line' id='line_1_15' title="bbox 42 1913 1168 1991; baseline 0.007 -21"><span class='ocrx_word' id='word_1_127' title='bbox 42 1913 172 1988; x_wconf 81' lang='lat' dir='ltr'><strong>uoluntas3</strong></span> <span class='ocrx_word' id='word_1_128' title='bbox 193 1913 368 1988; x_wconf 83' lang='lat' dir='ltr'><strong>exspectabo</strong></span> <span class='ocrx_word' id='word_1_129' title='bbox 389 1915 594 1975; x_wconf 70' lang='lat' dir='ltr'><strong>illustrissima</strong></span> <span class='ocrx_word' id='word_1_130' title='bbox 615 1915 802 1976; x_wconf 75' lang='lat' dir='ltr'><strong>celsitudinis</strong></span> <span class='ocrx_word' id='word_1_131' title='bbox 821 1917 934 1976; x_wconf 87' lang='lat' dir='ltr'><strong>Vestrae</strong></span> <span class='ocrx_word' id='word_1_132' title='bbox 955 1915 1084 1986; x_wconf 87' lang='lat' dir='ltr'><strong>litteras,</strong></span> <span class='ocrx_word' id='word_1_133' title='bbox 1105 1917 1168 1991; x_wconf 87' lang='lat' dir='ltr'><strong>qui·</strong></span> 
     </span>
     <span class='ocr_line' id='line_1_16' title="bbox 41 2001 1166 2096; baseline 0.006 -22"><span class='ocrx_word' id='word_1_134' title='bbox 41 2017 82 2076; x_wconf 93' lang='lat' dir='ltr'><strong>hus</strong></span> <span class='ocrx_word' id='word_1_135' title='bbox 100 2020 234 2092; x_wconf 78' lang='lat' dir='ltr'><strong>dignetur</strong></span> <span class='ocrx_word' id='word_1_136' title='bbox 253 2019 429 2093; x_wconf 77' lang='lat' dir='ltr'><strong>significare,</strong></span> <span class='ocrx_word' id='word_1_137' title='bbox 461 2021 611 2094; x_wconf 86' lang='lat' dir='ltr'><strong>placeatne</strong></span> <span class='ocrx_word' id='word_1_138' title='bbox 631 2021 709 2079; x_wconf 92' lang='lat' dir='ltr'><strong>istud</strong></span> <span class='ocrx_word' id='word_1_139' title='bbox 729 2001 823 2080; x_wconf 81' lang='lat' dir='ltr'><strong>meum</strong></span> <span class='ocrx_word' id='word_1_140' title='bbox 845 2020 1007 2093; x_wconf 90' lang='lat' dir='ltr'><strong>consilium,</strong></span> <span class='ocrx_word' id='word_1_141' title='bbox 1037 2039 1075 2080; x_wconf 91' lang='lat' dir='ltr'><strong>an</strong></span> <span class='ocrx_word' id='word_1_142' title='bbox 1094 2039 1166 2096; x_wconf 82' lang='lat' dir='ltr'><strong>non3</strong></span> 
     </span>
     <span class='ocr_line' id='line_1_17' title="bbox 39 2123 1167 2200; baseline 0.006 -21"><span class='ocrx_word' id='word_1_143' title='bbox 39 2123 80 2180; x_wconf 83' lang='lat' dir='ltr'><strong>uia</strong></span> <span class='ocrx_word' id='word_1_144' title='bbox 97 2125 230 2185; x_wconf 76' lang='lat' dir='ltr'><strong>hedenus</strong></span> <span class='ocrx_word' id='word_1_145' title='bbox 251 2131 318 2184; x_wconf 85' lang='lat' dir='ltr'><strong>sunt</strong></span> <span class='ocrx_word' id='word_1_146' title='bbox 330 2125 489 2197; x_wconf 75' lang='lat' dir='ltr'><strong>tutissima,</strong></span> <span class='ocrx_word' id='word_1_147' title='bbox 510 2123 574 2184; x_wconf 85' lang='lat' dir='ltr'><strong>dico</strong></span> <span class='ocrx_word' id='word_1_148' title='bbox 587 2123 735 2197; x_wconf 87' lang='lat' dir='ltr'><strong>hacteuus,</strong></span> <span class='ocrx_word' id='word_1_149' title='bbox 757 2127 824 2200; x_wconf 86' lang='lat' dir='ltr'><strong>quia</strong></span> <span class='ocrx_word' id='word_1_150' title='bbox 837 2125 922 2183; x_wconf 90' lang='lat' dir='ltr'><strong>multi</strong></span> <span class='ocrx_word' id='word_1_151' title='bbox 935 2129 1068 2185; x_wconf 89' lang='lat' dir='ltr'><strong>metuunt</strong></span> <span class='ocrx_word' id='word_1_152' title='bbox 1081 2125 1167 2199; x_wconf 87' lang='lat' dir='ltr'><strong>helia,</strong></span> 
     </span>
     <span class='ocr_line' id='line_1_18' title="bbox 40 2227 1167 2304; baseline 0.006 -20"><span class='ocrx_word' id='word_1_153' title='bbox 40 2233 64 2284; x_wconf 93' lang='lat' dir='ltr'><strong>ut</strong></span> <span class='ocrx_word' id='word_1_154' title='bbox 80 2227 169 2288; x_wconf 76' lang='lat' dir='ltr'><strong>(iasar</strong></span> <span class='ocrx_word' id='word_1_155' title='bbox 189 2230 328 2304; x_wconf 85' lang='lat' dir='ltr'><strong>quasdam</strong></span> <span class='ocrx_word' id='word_1_156' title='bbox 349 2231 412 2302; x_wconf 90' lang='lat' dir='ltr'><strong>ejus</strong></span> <span class='ocrx_word' id='word_1_157' title='bbox 432 2247 522 2302; x_wconf 88' lang='lat' dir='ltr'><strong>arces,</strong></span> <span class='ocrx_word' id='word_1_158' title='bbox 544 2247 608 2304; x_wconf 81' lang='lat' dir='ltr'><strong>quta</strong></span> <span class='ocrx_word' id='word_1_159' title='bbox 629 2239 696 2290; x_wconf 90' lang='lat' dir='ltr'><strong>sunt</strong></span> <span class='ocrx_word' id='word_1_160' title='bbox 716 2229 792 2290; x_wconf 90' lang='lat' dir='ltr'><strong>eirca</strong></span> <span class='ocrx_word' id='word_1_161' title='bbox 811 2247 876 2290; x_wconf 90' lang='lat' dir='ltr'><strong>euru</strong></span> <span class='ocrx_word' id='word_1_162' title='bbox 896 2234 1028 2303; x_wconf 86' lang='lat' dir='ltr'><strong>tractum,</strong></span> <span class='ocrx_word' id='word_1_163' title='bbox 1049 2232 1167 2304; x_wconf 91' lang='lat' dir='ltr'><strong>muniat,</strong></span> 
     </span>
     <span class='ocr_line' id='line_1_19' title="bbox 38 2333 1168 2409; baseline 0.004 -18"><span class='ocrx_word' id='word_1_164' title='bbox 38 2347 205 2405; x_wconf 75' lang='lat' dir='ltr'><strong>magnacum</strong></span> <span class='ocrx_word' id='word_1_165' title='bbox 228 2335 353 2392; x_wconf 90' lang='lat' dir='ltr'><strong>omnium</strong></span> <span class='ocrx_word' id='word_1_166' title='bbox 373 2335 565 2394; x_wconf 77' lang='lat' dir='ltr'><strong>admiratione</strong></span> <span class='ocrx_word' id='word_1_167' title='bbox 587 2341 616 2393; x_wconf 88' lang='lat' dir='ltr'><strong>et</strong></span> <span class='ocrx_word' id='word_1_168' title='bbox 637 2335 808 2409; x_wconf 85' lang='lat' dir='ltr'><strong>suspicione.</strong></span> <span class='ocrx_word' id='word_1_169' title='bbox 850 2333 1026 2394; x_wconf 79' lang='lat' dir='ltr'><strong>Commendo</strong></span> <span class='ocrx_word' id='word_1_170' title='bbox 1050 2353 1095 2395; x_wconf 91' lang='lat' dir='ltr'><strong>me</strong></span> <span class='ocrx_word' id='word_1_171' title='bbox 1122 2353 1168 2396; x_wconf 89' lang='lat' dir='ltr'><strong>re·</strong></span> 
     </span>
     <span class='ocr_line' id='line_1_20' title="bbox 39 2438 1170 2511; baseline 0.006 -20"><span class='ocrx_word' id='word_1_172' title='bbox 39 2441 153 2496; x_wconf 76' lang='lat' dir='ltr'><strong>cremer</strong></span> <span class='ocrx_word' id='word_1_173' title='bbox 173 2439 379 2498; x_wconf 84' lang='lat' dir='ltr'><strong>illustrissimae</strong></span> <span class='ocrx_word' id='word_1_174' title='bbox 401 2439 572 2498; x_wconf 84' lang='lat' dir='ltr'><strong>Celsitudini</strong></span> <span class='ocrx_word' id='word_1_175' title='bbox 587 2439 709 2498; x_wconf 75' lang='lat' dir='ltr'><strong>Vestra.</strong></span> <span class='ocrx_word' id='word_1_176' title='bbox 745 2438 835 2498; x_wconf 89' lang='lat' dir='ltr'><strong>Pater</strong></span> <span class='ocrx_word' id='word_1_177' title='bbox 855 2438 982 2498; x_wconf 85' lang='lat' dir='ltr'><strong>coelestis</strong></span> <span class='ocrx_word' id='word_1_178' title='bbox 1001 2445 1107 2511; x_wconf 78' lang='lat' dir='ltr'><strong>augeat</strong></span> <span class='ocrx_word' id='word_1_179' title='bbox 1127 2439 1170 2498; x_wconf 89' lang='lat' dir='ltr'><strong>illi</strong></span> 
     </span>
     <span class='ocr_line' id='line_1_21' title="bbox 38 2541 1168 2616; baseline 0.004 -19"><span class='ocrx_word' id='word_1_180' title='bbox 38 2557 91 2598; x_wconf 80' lang='lat' dir='ltr'><strong>suos</strong></span> <span class='ocrx_word' id='word_1_181' title='bbox 115 2541 226 2601; x_wconf 82' lang='lat' dir='ltr'><strong>diuinos</strong></span> <span class='ocrx_word' id='word_1_182' title='bbox 254 2544 420 2614; x_wconf 85' lang='lat' dir='ltr'><strong>thesauros,</strong></span> <span class='ocrx_word' id='word_1_183' title='bbox 448 2543 580 2616; x_wconf 90' lang='lat' dir='ltr'><strong>spiritum</strong></span> <span class='ocrx_word' id='word_1_184' title='bbox 608 2547 637 2600; x_wconf 92' lang='lat' dir='ltr'><strong>et</strong></span> <span class='ocrx_word' id='word_1_185' title='bbox 665 2541 752 2601; x_wconf 89' lang='lat' dir='ltr'><strong>fidem</strong></span> <span class='ocrx_word' id='word_1_186' title='bbox 778 2557 831 2614; x_wconf 87' lang='lat' dir='ltr'><strong>per</strong></span> <span class='ocrx_word' id='word_1_187' title='bbox 851 2542 995 2602; x_wconf 80' lang='lat' dir='ltr'><strong>Christum</strong></span> <span class='ocrx_word' id='word_1_188' title='bbox 1023 2543 1168 2603; x_wconf 90' lang='lat' dir='ltr'><strong>dominum</strong></span> 
     </span>
     <span class='ocr_line' id='line_1_22' title="bbox 38 2651 157 2706; baseline 0.025 -4"><span class='ocrx_word' id='word_1_189' title='bbox 38 2651 157 2706; x_wconf 85' lang='lat' dir='ltr'><strong>nostrum.</strong></span> 
     </span>
    </p>
   </div>
   <div class='ocr_carea' id='block_1_3' title="bbox 101 2769 556 2842">
    <p class='ocr_par' dir='ltr' id='par_1_4' title="bbox 101 2769 556 2842">
     <span class='ocr_line' id='line_1_23' title="bbox 101 2769 556 2842; baseline 0 -16"><span class='ocrx_word' id='word_1_190' title='bbox 101 2769 238 2842; x_wconf 81' lang='lat' dir='ltr'><strong>Tuhingae</strong></span> <span class='ocrx_word' id='word_1_191' title='bbox 260 2769 297 2828; x_wconf 86' lang='lat'><strong>28</strong></span> <span class='ocrx_word' id='word_1_192' title='bbox 318 2769 448 2828; x_wconf 88' lang='lat' dir='ltr'><strong>Jaouarii</strong></span> <span class='ocrx_word' id='word_1_193' title='bbox 474 2771 556 2826; x_wconf 79' lang='lat'><strong>1562.</strong></span> 
     </span>
    </p>
   </div>
   <div class='ocr_carea' id='block_1_4' title="bbox 254 2889 1090 3066">
    <p class='ocr_par' dir='ltr' id='par_1_5' title="bbox 254 2889 1090 3066">
     <span class='ocr_line' id='line_1_24' title="bbox 254 2889 939 2951; baseline -0.004 -1"><span class='ocrx_word' id='word_1_194' title='bbox 254 2892 456 2951; x_wconf 73' lang='lat' dir='ltr'><strong>illustrissima</strong></span> <span class='ocrx_word' id='word_1_195' title='bbox 476 2889 664 2950; x_wconf 82' lang='lat' dir='ltr'><strong>Celsitudinis</strong></span> <span class='ocrx_word' id='word_1_196' title='bbox 684 2891 795 2950; x_wconf 76' lang='lat' dir='ltr'><strong>Vestras</strong></span> <span class='ocrx_word' id='word_1_197' title='bbox 816 2891 939 2949; x_wconf 87' lang='lat' dir='ltr'><strong>servitor</strong></span> 
     </span>
     <span class='ocr_line' id='line_1_25' title="bbox 924 2993 1090 3066; baseline 0 -15"><span class='ocrx_word' id='word_1_198' title='bbox 924 2993 1090 3066; x_wconf 81' lang='lat' dir='ltr'><strong>Vergerius.</strong></span> 
     </span>
    </p>
   </div>
   <div class='ocr_carea' id='block_1_5' title="bbox 94 3121 771 3196">
    <p class='ocr_par' dir='ltr' id='par_1_6' title="bbox 94 3121 771 3196">
     <span class='ocr_line' id='line_1_26' title="bbox 94 3121 771 3196; baseline -0.006 -17"><span class='ocrx_word' id='word_1_199' title='bbox 94 3126 387 3196; x_wconf 81' lang='lat' dir='ltr'><strong>Randbemerkungen</strong></span> <span class='ocrx_word' id='word_1_200' title='bbox 406 3142 460 3180; x_wconf 86' lang='lat' dir='ltr'><strong>von</strong></span> <span class='ocrx_word' id='word_1_201' title='bbox 479 3125 527 3180; x_wconf 83' lang='lat' dir='ltr'><strong>des</strong></span> <span class='ocrx_word' id='word_1_202' title='bbox 546 3123 662 3194; x_wconf 79' lang='lat' dir='ltr'><strong>herzogs</strong></span> <span class='ocrx_word' id='word_1_203' title='bbox 681 3121 771 3176; x_wconf 91' lang='lat' dir='ltr'><strong>hand:</strong></span> 
     </span>
    </p>
   </div>
   <div class='ocr_carea' id='block_1_6' title="bbox 17 3215 1172 3986">
    <p class='ocr_par' dir='ltr' id='par_1_7' title="bbox 17 3215 1172 3986">
     <span class='ocr_line' id='line_1_27' title="bbox 93 3215 233 3270; baseline 0 -2"><span class='ocrx_word' id='word_1_204' title='bbox 93 3215 233 3270; x_wconf 85' lang='lat' dir='ltr'><strong>aPlaceh.</strong></span> 
     </span>
     <span class='ocr_line' id='line_1_28' title="bbox 94 3294 1170 3367; baseline -0.007 -12"><span class='ocrx_word' id='word_1_205' title='bbox 94 3301 191 3356; x_wconf 87' lang='lat' dir='ltr'><strong>hHab</strong></span> <span class='ocrx_word' id='word_1_206' title='bbox 212 3300 258 3355; x_wconf 90' lang='lat' dir='ltr'><strong>die</strong></span> <span class='ocrx_word' id='word_1_207' title='bbox 277 3303 293 3355; x_wconf 85' lang='lat'><strong>3</strong></span> <span class='ocrx_word' id='word_1_208' title='bbox 311 3299 458 3355; x_wconf 85' lang='lat' dir='ltr'><strong>schreiben</strong></span> <span class='ocrx_word' id='word_1_209' title='bbox 476 3301 569 3354; x_wconf 82' lang='lat' dir='ltr'><strong>samht</strong></span> <span class='ocrx_word' id='word_1_210' title='bbox 587 3299 766 3354; x_wconf 86' lang='lat' dir='ltr'><strong>demeselben</strong></span> <span class='ocrx_word' id='word_1_211' title='bbox 785 3298 840 3352; x_wconf 88' lang='lat' dir='ltr'><strong>ime</strong></span> <span class='ocrx_word' id='word_1_212' title='bbox 860 3295 995 3367; x_wconf 81' lang='lat' dir='ltr'><strong>Vergorio</strong></span> <span class='ocrx_word' id='word_1_213' title='bbox 1013 3294 1170 3365; x_wconf 82' lang='lat' dir='ltr'><strong>goaendhen</strong></span> 
     </span>
     <span class='ocr_line' id='line_1_29' title="bbox 17 3383 1171 3460; baseline -0.002 -22"><span class='ocrx_word' id='word_1_214' title='bbox 17 3401 19 3410; x_wconf 63' lang='lat'><strong><em>⁴</em></strong></span> <span class='ocrx_word' id='word_1_215' title='bbox 39 3387 232 3460; x_wconf 81' lang='lat' dir='ltr'><strong>enutpfangen,</strong></span> <span class='ocrx_word' id='word_1_216' title='bbox 259 3387 391 3443; x_wconf 80' lang='lat' dir='ltr'><strong>echichhe</strong></span> <span class='ocrx_word' id='word_1_217' title='bbox 409 3387 465 3442; x_wconf 89' lang='lat' dir='ltr'><strong>ime</strong></span> <span class='ocrx_word' id='word_1_218' title='bbox 484 3387 534 3440; x_wconf 85' lang='lat' dir='ltr'><strong>dns</strong></span> <span class='ocrx_word' id='word_1_219' title='bbox 553 3385 711 3460; x_wconf 80' lang='lat' dir='ltr'><strong>schreihen,</strong></span> <span class='ocrx_word' id='word_1_220' title='bbox 735 3401 764 3440; x_wconf 84' lang='lat' dir='ltr'><strong>so</strong></span> <span class='ocrx_word' id='word_1_221' title='bbox 783 3383 930 3454; x_wconf 86' lang='lat' dir='ltr'><strong>Philippus</strong></span> <span class='ocrx_word' id='word_1_222' title='bbox 948 3383 1084 3438; x_wconf 83' lang='lat' dir='ltr'><strong>Gallicius</strong></span> <span class='ocrx_word' id='word_1_223' title='bbox 1102 3383 1171 3438; x_wconf 87' lang='lat' dir='ltr'><strong>Ver·</strong></span> 
     </span>
     <span class='ocr_line' id='line_1_30' title="bbox 38 3471 1170 3544; baseline -0.001 -17"><span class='ocrx_word' id='word_1_224' title='bbox 38 3474 99 3541; x_wconf 79' lang='lat' dir='ltr'><strong>perio</strong></span> <span class='ocrx_word' id='word_1_225' title='bbox 118 3477 235 3544; x_wconf 85' lang='lat' dir='ltr'><strong>gethan,</strong></span> <span class='ocrx_word' id='word_1_226' title='bbox 255 3475 455 3530; x_wconf 87' lang='lat' dir='ltr'><strong>widerumben.</strong></span> <span class='ocrx_word' id='word_1_227' title='bbox 495 3473 565 3530; x_wconf 84' lang='lat' dir='ltr'><strong>Wass</strong></span> <span class='ocrx_word' id='word_1_228' title='bbox 584 3491 633 3544; x_wconf 78' lang='lat' dir='ltr'><strong>aye</strong></span> <span class='ocrx_word' id='word_1_229' title='bbox 653 3474 706 3528; x_wconf 91' lang='lat' dir='ltr'><strong>mir</strong></span> <span class='ocrx_word' id='word_1_230' title='bbox 724 3472 883 3536; x_wconf 76' lang='lat' dir='ltr'><strong>ephesinam,</strong></span> <span class='ocrx_word' id='word_1_231' title='bbox 909 3473 974 3527; x_wconf 81' lang='lat' dir='ltr'><strong>hott</strong></span> <span class='ocrx_word' id='word_1_232' title='bbox 993 3489 1022 3527; x_wconf 89' lang='lat' dir='ltr'><strong>er</strong></span> <span class='ocrx_word' id='word_1_233' title='bbox 1041 3471 1097 3527; x_wconf 86' lang='lat' dir='ltr'><strong>auh</strong></span> <span class='ocrx_word' id='word_1_234' title='bbox 1116 3471 1170 3526; x_wconf 82' lang='lat' dir='ltr'><strong>den</strong></span> 
     </span>
     <span class='ocr_line' id='line_1_31' title="bbox 38 3557 1171 3628; baseline 0.002 -18"><span class='ocrx_word' id='word_1_235' title='bbox 38 3559 121 3628; x_wconf 88' lang='lat' dir='ltr'><strong>copien</strong></span> <span class='ocrx_word' id='word_1_236' title='bbox 139 3562 189 3616; x_wconf 88' lang='lat' dir='ltr'><strong>der</strong></span> <span class='ocrx_word' id='word_1_237' title='bbox 208 3563 226 3616; x_wconf 88' lang='lat'><strong>3</strong></span> <span class='ocrx_word' id='word_1_238' title='bbox 244 3560 389 3617; x_wconf 87' lang='lat' dir='ltr'><strong>schreiben</strong></span> <span class='ocrx_word' id='word_1_239' title='bbox 408 3561 546 3616; x_wconf 86' lang='lat' dir='ltr'><strong>hiemabon</strong></span> <span class='ocrx_word' id='word_1_240' title='bbox 572 3579 605 3614; x_wconf 84' lang='lat' dir='ltr'><strong>zu</strong></span> <span class='ocrx_word' id='word_1_241' title='bbox 631 3577 797 3623; x_wconf 86' lang='lat' dir='ltr'><strong>vernemen,</strong></span> <span class='ocrx_word' id='word_1_242' title='bbox 827 3577 870 3614; x_wconf 82' lang='lat' dir='ltr'><strong>wa</strong></span> <span class='ocrx_word' id='word_1_243' title='bbox 897 3577 926 3614; x_wconf 89' lang='lat' dir='ltr'><strong>er</strong></span> <span class='ocrx_word' id='word_1_244' title='bbox 950 3557 1115 3614; x_wconf 84' lang='lat' dir='ltr'><strong>bottschafft</strong></span> <span class='ocrx_word' id='word_1_245' title='bbox 1138 3577 1171 3612; x_wconf 87' lang='lat' dir='ltr'><strong>uu</strong></span> 
     </span>
     <span class='ocr_line' id='line_1_32' title="bbox 37 3645 1171 3720; baseline -0.001 -20"><span class='ocrx_word' id='word_1_246' title='bbox 37 3645 89 3702; x_wconf 82' lang='lat' dir='ltr'><strong>inan</strong></span> <span class='ocrx_word' id='word_1_247' title='bbox 107 3650 182 3715; x_wconf 82' lang='lat' dir='ltr'><strong>heht,</strong></span> <span class='ocrx_word' id='word_1_248' title='bbox 212 3649 295 3704; x_wconf 82' lang='lat' dir='ltr'><strong>wolle</strong></span> <span class='ocrx_word' id='word_1_249' title='bbox 314 3666 344 3704; x_wconf 86' lang='lat' dir='ltr'><strong>er</strong></span> <span class='ocrx_word' id='word_1_250' title='bbox 362 3649 473 3704; x_wconf 82' lang='lat' dir='ltr'><strong>darauff</strong></span> <span class='ocrx_word' id='word_1_251' title='bbox 489 3667 540 3720; x_wconf 89' lang='lat' dir='ltr'><strong>per</strong></span> <span class='ocrx_word' id='word_1_252' title='bbox 558 3649 705 3718; x_wconf 83' lang='lat' dir='ltr'><strong>generalia</strong></span> <span class='ocrx_word' id='word_1_253' title='bbox 729 3649 940 3711; x_wconf 62' lang='lat' dir='ltr'><strong>coniventiam</strong></span> <span class='ocrx_word' id='word_1_254' title='bbox 967 3647 1025 3700; x_wconf 87' lang='lat' dir='ltr'><strong>und</strong></span> <span class='ocrx_word' id='word_1_255' title='bbox 1051 3645 1171 3700; x_wconf 86' lang='lat' dir='ltr'><strong>wiewoll</strong></span> 
     </span>
     <span class='ocr_line' id='line_1_33' title="bbox 37 3732 1172 3814; baseline -0.001 -28"><span class='ocrx_word' id='word_1_256' title='bbox 37 3734 163 3793; x_wconf 78' lang='lat' dir='ltr'><strong>iohannes</strong></span> <span class='ocrx_word' id='word_1_257' title='bbox 183 3737 330 3792; x_wconf 77' lang='lat' dir='ltr'><strong>Fabricius</strong></span> <span class='ocrx_word' id='word_1_258' title='bbox 349 3737 499 3792; x_wconf 83' lang='lat' dir='ltr'><strong>Montanus</strong></span> <span class='ocrx_word' id='word_1_259' title='bbox 518 3737 547 3790; x_wconf 92' lang='lat' dir='ltr'><strong>in</strong></span> <span class='ocrx_word' id='word_1_260' title='bbox 567 3737 670 3792; x_wconf 88' lang='lat' dir='ltr'><strong>aeinem</strong></span> <span class='ocrx_word' id='word_1_261' title='bbox 689 3733 834 3814; x_wconf 78' lang='lat' dir='ltr'><strong>schreiben</strong></span> <span class='ocrx_word' id='word_1_262' title='bbox 853 3733 930 3789; x_wconf 89' lang='lat' dir='ltr'><strong>aines</strong></span> <span class='ocrx_word' id='word_1_263' title='bbox 949 3732 1068 3797; x_wconf 85' lang='lat' dir='ltr'><strong>buocha,</strong></span> <span class='ocrx_word' id='word_1_264' title='bbox 1093 3749 1122 3786; x_wconf 92' lang='lat' dir='ltr'><strong>so</strong></span> <span class='ocrx_word' id='word_1_265' title='bbox 1141 3749 1172 3787; x_wconf 88' lang='lat' dir='ltr'><strong>er</strong></span> 
     </span>
     <span class='ocr_line' id='line_1_34' title="bbox 38 3819 1172 3898; baseline -0.001 -23"><span class='ocrx_word' id='word_1_266' title='bbox 38 3821 81 3875; x_wconf 88' lang='lat' dir='ltr'><strong>mir</strong></span> <span class='ocrx_word' id='word_1_267' title='bbox 97 3825 228 3881; x_wconf 84' lang='lat' dir='ltr'><strong>echichho</strong></span> <span class='ocrx_word' id='word_1_268' title='bbox 248 3825 382 3898; x_wconf 78' lang='lat' dir='ltr'><strong>meldung</strong></span> <span class='ocrx_word' id='word_1_269' title='bbox 400 3825 496 3888; x_wconf 82' lang='lat' dir='ltr'><strong>thuet,</strong></span> <span class='ocrx_word' id='word_1_270' title='bbox 518 3823 574 3879; x_wconf 93' lang='lat' dir='ltr'><strong>hab</strong></span> <span class='ocrx_word' id='word_1_271' title='bbox 592 3823 637 3879; x_wconf 89' lang='lat' dir='ltr'><strong>ich</strong></span> <span class='ocrx_word' id='word_1_272' title='bbox 655 3823 761 3878; x_wconf 87' lang='lat' dir='ltr'><strong>solches</strong></span> <span class='ocrx_word' id='word_1_273' title='bbox 779 3823 824 3877; x_wconf 81' lang='lat' dir='ltr'><strong>nit</strong></span> <span class='ocrx_word' id='word_1_274' title='bbox 842 3820 1047 3897; x_wconf 82' lang='lat' dir='ltr'><strong>cnntpfangen.¹</strong></span> <span class='ocrx_word' id='word_1_275' title='bbox 1081 3819 1172 3874; x_wconf 73' lang='lat' dir='ltr'><strong>Protea</strong></span> 
     </span>
     <span class='ocr_line' id='line_1_35' title="bbox 38 3906 1171 3986; baseline 0 -25"><span class='ocrx_word' id='word_1_276' title='bbox 38 3908 78 3963; x_wconf 92' lang='lat' dir='ltr'><strong>der</strong></span> <span class='ocrx_word' id='word_1_277' title='bbox 93 3912 239 3979; x_wconf 81' lang='lat' dir='ltr'><strong>chunidrut,</strong></span> <span class='ocrx_word' id='word_1_278' title='bbox 258 3913 361 3986; x_wconf 82' lang='lat' dir='ltr'><strong>herzog</strong></span> <span class='ocrx_word' id='word_1_279' title='bbox 379 3913 564 3982; x_wconf 79' lang='lat' dir='ltr'><strong>Wolffgang‚</strong></span> <span class='ocrx_word' id='word_1_280' title='bbox 585 3911 743 3983; x_wconf 80' lang='lat' dir='ltr'><strong>marggraii&#39;</strong></span> <span class='ocrx_word' id='word_1_281' title='bbox 759 3911 840 3966; x_wconf 83' lang='lat' dir='ltr'><strong>Caulo</strong></span> <span class='ocrx_word' id='word_1_282' title='bbox 860 3927 916 3966; x_wconf 89' lang='lat' dir='ltr'><strong>von</strong></span> <span class='ocrx_word' id='word_1_283' title='bbox 934 3909 1030 3964; x_wconf 78' lang='lat' dir='ltr'><strong>Baton</strong></span> <span class='ocrx_word' id='word_1_284' title='bbox 1049 3907 1107 3970; x_wconf 87' lang='lat' dir='ltr'><strong>und</strong></span> <span class='ocrx_word' id='word_1_285' title='bbox 1125 3906 1171 3962; x_wconf 89' lang='lat' dir='ltr'><strong>ioh</strong></span> 
     </span>
    </p>
   </div>
   <div class='ocr_carea' id='block_1_7' title="bbox 38 3993 1172 4510">
    <p class='ocr_par' dir='ltr' id='par_1_8' title="bbox 38 3993 1172 4510">
     <span class='ocr_line' id='line_1_36' title="bbox 38 3993 1172 4072; baseline 0 -24"><span class='ocrx_word' id='word_1_286' title='bbox 38 3995 115 4054; x_wconf 90' lang='lat' dir='ltr'><strong>haben</strong></span> <span class='ocrx_word' id='word_1_287' title='bbox 134 4001 188 4056; x_wconf 87' lang='lat' dir='ltr'><strong>den</strong></span> <span class='ocrx_word' id='word_1_288' title='bbox 208 4000 313 4058; x_wconf 84' lang='lat' dir='ltr'><strong>Reticia</strong></span> <span class='ocrx_word' id='word_1_289' title='bbox 332 4001 496 4072; x_wconf 85' lang='lat' dir='ltr'><strong>gesnhrihen</strong></span> <span class='ocrx_word' id='word_1_290' title='bbox 515 4001 573 4056; x_wconf 91' lang='lat' dir='ltr'><strong>und</strong></span> <span class='ocrx_word' id='word_1_291' title='bbox 591 4017 638 4070; x_wconf 82' lang='lat' dir='ltr'><strong>syo</strong></span> <span class='ocrx_word' id='word_1_292' title='bbox 664 4001 701 4054; x_wconf 86' lang='lat' dir='ltr'><strong>ad</strong></span> <span class='ocrx_word' id='word_1_293' title='bbox 726 3999 915 4055; x_wconf 80' lang='lat' dir='ltr'><strong>constantiam</strong></span> <span class='ocrx_word' id='word_1_294' title='bbox 934 3995 1096 4060; x_wconf 83' lang='lat' dir='ltr'><strong>vermandt,</strong></span> <span class='ocrx_word' id='word_1_295' title='bbox 1122 3993 1172 4048; x_wconf 86' lang='lat' dir='ltr'><strong>das</strong></span> 
     </span>
     <span class='ocr_line' id='line_1_37' title="bbox 38 4081 1171 4160; baseline -0.006 -19"><span class='ocrx_word' id='word_1_296' title='bbox 38 4101 77 4151; x_wconf 81' lang='lat' dir='ltr'><strong>eye</strong></span> <span class='ocrx_word' id='word_1_297' title='bbox 93 4089 162 4142; x_wconf 86' lang='lat' dir='ltr'><strong>auch</strong></span> <span class='ocrx_word' id='word_1_298' title='bbox 181 4090 227 4146; x_wconf 83' lang='lat' dir='ltr'><strong>nit</strong></span> <span class='ocrx_word' id='word_1_299' title='bbox 245 4090 300 4144; x_wconf 88' lang='lat' dir='ltr'><strong>den</strong></span> <span class='ocrx_word' id='word_1_300' title='bbox 318 4088 374 4160; x_wconf 83' lang='lat' dir='ltr'><strong>pah</strong></span> <span class='ocrx_word' id='word_1_301' title='bbox 393 4089 518 4145; x_wconf 83' lang='lat' dir='ltr'><strong>hostibus</strong></span> <span class='ocrx_word' id='word_1_302' title='bbox 536 4087 677 4159; x_wconf 80' lang='lat' dir='ltr'><strong>evangelii</strong></span> <span class='ocrx_word' id='word_1_303' title='bbox 697 4087 800 4144; x_wconf 81' lang='lat' dir='ltr'><strong>wolton</strong></span> <span class='ocrx_word' id='word_1_304' title='bbox 820 4085 923 4158; x_wconf 80' lang='lat' dir='ltr'><strong>geben,</strong></span> <span class='ocrx_word' id='word_1_305' title='bbox 950 4083 1008 4137; x_wconf 88' lang='lat' dir='ltr'><strong>und</strong></span> <span class='ocrx_word' id='word_1_306' title='bbox 1026 4081 1129 4138; x_wconf 83' lang='lat' dir='ltr'><strong>wieder</strong></span> <span class='ocrx_word' id='word_1_307' title='bbox 1147 4082 1171 4134; x_wconf 87' lang='lat' dir='ltr'><strong>ir</strong></span> 
     </span>
     <span class='ocr_line' id='line_1_38' title="bbox 38 4169 1171 4239; baseline -0.003 -14"><span class='ocrx_word' id='word_1_308' title='bbox 38 4176 168 4230; x_wconf 86' lang='lat' dir='ltr'><strong>anntwurt</strong></span> <span class='ocrx_word' id='word_1_309' title='bbox 186 4177 305 4232; x_wconf 89' lang='lat' dir='ltr'><strong>hernher</strong></span> <span class='ocrx_word' id='word_1_310' title='bbox 325 4179 477 4232; x_wconf 81' lang='lat' dir='ltr'><strong>ermariteh.</strong></span> <span class='ocrx_word' id='word_1_311' title='bbox 505 4175 594 4232; x_wconf 85' lang='lat' dir='ltr'><strong>Souill</strong></span> <span class='ocrx_word' id='word_1_312' title='bbox 613 4175 673 4231; x_wconf 87' lang='lat' dir='ltr'><strong>sein</strong></span> <span class='ocrx_word' id='word_1_313' title='bbox 691 4173 751 4230; x_wconf 82' lang='lat' dir='ltr'><strong>reiss</strong></span> <span class='ocrx_word' id='word_1_314' title='bbox 770 4175 798 4228; x_wconf 90' lang='lat' dir='ltr'><strong>in</strong></span> <span class='ocrx_word' id='word_1_315' title='bbox 821 4171 1006 4237; x_wconf 79' lang='lat' dir='ltr'><strong>Franohraioh</strong></span> <span class='ocrx_word' id='word_1_316' title='bbox 1025 4169 1171 4239; x_wconf 79' lang='lat' dir='ltr'><strong>belangdt,</strong></span> 
     </span>
     <span class='ocr_line' id='line_1_39' title="bbox 39 4255 1171 4336; baseline -0.008 -20"><span class='ocrx_word' id='word_1_317' title='bbox 39 4264 127 4316; x_wconf 79' lang='lat' dir='ltr'><strong>werthe</strong></span> <span class='ocrx_word' id='word_1_318' title='bbox 145 4264 191 4318; x_wconf 84' lang='lat' dir='ltr'><strong>ioh</strong></span> <span class='ocrx_word' id='word_1_319' title='bbox 218 4264 339 4336; x_wconf 84' lang='lat' dir='ltr'><strong>teglichs</strong></span> <span class='ocrx_word' id='word_1_320' title='bbox 365 4265 470 4320; x_wconf 85' lang='lat' dir='ltr'><strong>meinos</strong></span> <span class='ocrx_word' id='word_1_321' title='bbox 489 4265 588 4320; x_wconf 81' lang='lat' dir='ltr'><strong>hotten</strong></span> <span class='ocrx_word' id='word_1_322' title='bbox 607 4263 758 4318; x_wconf 82' lang='lat' dir='ltr'><strong>anhhunfft</strong></span> <span class='ocrx_word' id='word_1_323' title='bbox 776 4279 830 4317; x_wconf 88' lang='lat' dir='ltr'><strong>von</strong></span> <span class='ocrx_word' id='word_1_324' title='bbox 850 4261 913 4314; x_wconf 89' lang='lat' dir='ltr'><strong>dem</strong></span> <span class='ocrx_word' id='word_1_325' title='bbox 932 4257 1022 4328; x_wconf 82' lang='lat' dir='ltr'><strong>khnig</strong></span> <span class='ocrx_word' id='word_1_326' title='bbox 1042 4273 1095 4312; x_wconf 88' lang='lat' dir='ltr'><strong>uon</strong></span> <span class='ocrx_word' id='word_1_327' title='bbox 1114 4255 1171 4308; x_wconf 87' lang='lat' dir='ltr'><strong>Na·</strong></span> 
     </span>
     <span class='ocr_line' id='line_1_40' title="bbox 39 4342 1170 4424; baseline -0.008 -21"><span class='ocrx_word' id='word_1_328' title='bbox 39 4362 116 4414; x_wconf 78' lang='lat' dir='ltr'><strong>verra,</strong></span> <span class='ocrx_word' id='word_1_329' title='bbox 136 4368 180 4405; x_wconf 82' lang='lat' dir='ltr'><strong>wa</strong></span> <span class='ocrx_word' id='word_1_330' title='bbox 199 4352 254 4407; x_wconf 87' lang='lat' dir='ltr'><strong>dan</strong></span> <span class='ocrx_word' id='word_1_331' title='bbox 274 4351 426 4424; x_wconf 83' lang='lat' dir='ltr'><strong>Vergerius</strong></span> <span class='ocrx_word' id='word_1_332' title='bbox 445 4352 473 4406; x_wconf 92' lang='lat' dir='ltr'><strong>in</strong></span> <span class='ocrx_word' id='word_1_333' title='bbox 494 4351 616 4408; x_wconf 82' lang='lat' dir='ltr'><strong>Galliam</strong></span> <span class='ocrx_word' id='word_1_334' title='bbox 635 4350 742 4406; x_wconf 86' lang='lat' dir='ltr'><strong>vooiort</strong></span> <span class='ocrx_word' id='word_1_335' title='bbox 760 4349 874 4412; x_wconf 68' lang='lat' dir='ltr'><strong>circat,</strong></span> <span class='ocrx_word' id='word_1_336' title='bbox 893 4345 934 4401; x_wconf 88' lang='lat' dir='ltr'><strong>als</strong></span> <span class='ocrx_word' id='word_1_337' title='bbox 952 4344 999 4398; x_wconf 92' lang='lat' dir='ltr'><strong>ich</strong></span> <span class='ocrx_word' id='word_1_338' title='bbox 1016 4342 1091 4397; x_wconf 87' lang='lat' dir='ltr'><strong>mich</strong></span> <span class='ocrx_word' id='word_1_339' title='bbox 1110 4358 1170 4396; x_wconf 85' lang='lat' dir='ltr'><strong>vor·</strong></span> 
     </span>
     <span class='ocr_line' id='line_1_41' title="bbox 42 4429 1172 4510; baseline -0.018 -9"><span class='ocrx_word' id='word_1_340' title='bbox 42 4432 99 4500; x_wconf 61' lang='lat' dir='ltr'><strong>⁸50ht</strong></span> <span class='ocrx_word' id='word_1_341' title='bbox 116 4438 302 4510; x_wconf 68' lang='lat' dir='ltr'><strong>nogaretum,</strong></span> <span class='ocrx_word' id='word_1_342' title='bbox 321 4439 371 4495; x_wconf 85' lang='lat' dir='ltr'><strong>das</strong></span> <span class='ocrx_word' id='word_1_343' title='bbox 384 4457 414 4496; x_wconf 89' lang='lat' dir='ltr'><strong>er</strong></span> <span class='ocrx_word' id='word_1_344' title='bbox 427 4440 542 4497; x_wconf 85' lang='lat' dir='ltr'><strong>sollicho</strong></span> <span class='ocrx_word' id='word_1_345' title='bbox 555 4440 689 4495; x_wconf 86' lang='lat' dir='ltr'><strong>vocacion</strong></span> <span class='ocrx_word' id='word_1_346' title='bbox 701 4438 745 4493; x_wconf 80' lang='lat' dir='ltr'><strong>nit</strong></span> <span class='ocrx_word' id='word_1_347' title='bbox 757 4436 916 4505; x_wconf 78' lang='lat' dir='ltr'><strong>abschlago‚</strong></span> <span class='ocrx_word' id='word_1_348' title='bbox 935 4449 979 4488; x_wconf 83' lang='lat' dir='ltr'><strong>wa</strong></span> <span class='ocrx_word' id='word_1_349' title='bbox 989 4429 1038 4495; x_wconf 85' lang='lat' dir='ltr'><strong>nih,</strong></span> <span class='ocrx_word' id='word_1_350' title='bbox 1058 4445 1124 4498; x_wconf 74' lang='lat' dir='ltr'><strong>mag</strong></span> <span class='ocrx_word' id='word_1_351' title='bbox 1143 4444 1172 4482; x_wconf 84' lang='lat' dir='ltr'><strong>er</strong></span> 
     </span>
    </p>
   </div>
   <div class='ocr_carea' id='block_1_8' title="bbox 0 0 1420 5072">
    <p class='ocr_par' dir='ltr' id='par_1_9' title="bbox 0 0 1420 5072">
     <span class='ocr_line' id='line_1_42' title="bbox 0 0 1420 5072; baseline 0 0"><span class='ocrx_word' id='word_1_352' title='bbox 0 0 1420 5072; x_wconf 95' lang='lat' dir='ltr'><strong> </strong></span> 
     </span>
    </p>
   </div>
  </div>
 </body>
</html>
