2852 5076
58 349 122 406 lsts
604 355 644 412 79

55 521 247 599 discrepante)
267 521 322 582 luit
352 527 484 596 recepta,
516 519 691 580 cardinalem
712 535 781 578 vero
801 519 925 580 Polum¹
945 521 1079 594 populum
1100 519 1195 580 absol·

56 624 124 682 visse
143 641 161 682 a
180 625 267 698 culpa
287 633 317 684 et
336 643 354 684 a
374 641 467 698 poenu,
489 622 735 697 quasialiquando
750 621 902 682 haereticus
918 621 1014 694 tuerit,
1038 631 1067 682 et
1087 622 1194 686 dantum
1307 645 1311 652 ·

57 745 114 786 esse
133 728 380 802 archiepiscopum
402 727 650 786 Cantuariensem.
690 725 831 786 Dominus
851 725 1008 786 confundat
1028 743 1108 798 enm,
1129 745 1194 786 narn

60 837 152 888 contra
171 831 378 891 conscientium
399 831 457 892 illic
478 829 547 905 agit,
568 829 702 905 quicquid
723 829 792 904 agit.

122 934 172 992 dit
188 907 343 1008 praeterea,
365 935 479 994 unicum
495 943 606 994 restare
626 935 799 1009 scrupulum,
821 936 896 1008 quod
918 936 1024 994 attinet
1044 935 1081 994 ud
1101 935 1194 1009 ipsum

59 1039 156 1112 Angliae
169 1057 306 1112 regnum
328 1057 393 1098 narn
413 1039 475 1098 sere
498 1041 596 1098 decern
618 1039 707 1098 millia
727 1039 873 1098 hominum
894 1037 1082 1114 profugerant
1103 1057 1138 1098 ex
1151 1042 1194 1098 iu·

58 1141 144 1200 feriori
164 1143 323 1203 Germania
344 1150 373 1202 et
393 1143 509 1203 aliunde
530 1150 650 1216 propter
671 1143 851 1216 evangelium
873 1143 901 1202 in
915 1141 1056 1217 Angliam,
1077 1150 1107 1202 et
1127 1143 1195 1219 quia

55 1246 80 1302 bi
98 1263 151 1304 non
171 1247 290 1320 babent,
312 1265 368 1322 quo
379 1263 410 1305 se
426 1237 580 1320 recipiunt,
602 1253 632 1306 et
644 1247 809 1306 consentire
824 1247 943 1320 papatui
960 1248 1069 1318 nolunt,
1091 1251 1193 1308 timen-

54 1351 167 1423 dumque
189 1357 246 1422 est,
268 1368 304 1410 ne
325 1350 354 1409 bi
375 1350 522 1410 concitent
542 1367 645 1409 novum
666 1357 783 1410 motum.

120 1455 147 1510 is
167 1472 252 1512 meus
273 1457 379 1514 amiens
409 1456 522 1525 legatus
551 1455 664 1514 ridetur
690 1456 812 1514 multum
842 1455 945 1514 timere
972 1473 990 1515 a
1015 1457 1126 1526 Turne,
1157 1475 1193 1516 ue
1287 1459 1294 1472 “

54 1556 150 1616 scilieet
171 1560 228 1616 boc
250 1575 324 1617 anno
345 1565 426 1618 terra
448 1559 577 1632 marique
599 1558 748 1618 adoriatur
768 1557 960 1628 Christianos,
981 1559 1049 1634 quin
1071 1561 1112 1620 ait
1132 1561 1193 1621 (lm-

54 1677 135 1720 sarem
156 1661 248 1722 etiam
269 1663 297 1719 id
319 1660 475 1720 iurruidare
497 1669 527 1720 et
547 1679 673 1734 sperare,
695 1661 877 1722 Germaniam
896 1663 1075 1736 juraturum,
1097 1671 1130 1723 nt
1151 1664 1195 1724 illi

56 1763 206 1823 resistatur.

123 1869 277 1928 Postremo
298 1886 362 1927 cum
383 1886 427 1927 me
449 1876 574 1943 rogaret,
596 1875 629 1926 ut
642 1869 805 1943 ubicunqne
821 1884 913 1928 essem
926 1869 1051 1944 iuturus,
1073 1889 1194 1932 conarer

53 1973 221 2043 persuadere
243 1971 290 2032 hie
303 1972 333 2031 in
346 1972 509 2045 Germania,
530 1975 558 2032 d.
573 1975 701 2033 Venetos
721 1973 805 2032 valde
826 1989 922 2032 aurare
943 1973 1018 2034 bane
1039 1975 1193 2048 nationem,

54 2081 77 2132 et
96 2091 199 2152 cupere
222 2081 392 2150 perpetuam
413 2075 593 2135 concordiam
615 2095 678 2136 cnm
700 2091 880 2148 asservare,
902 2077 1046 2150 respondi,
1068 2095 1112 2138 me
1135 2097 1191 2140 non

55 2177 219 2253 defuturum,
243 2181 522 2257 (quantuluscunque
544 2181 609 2258 sim)
627 2183 677 2242 sed
693 2183 811 2255 hortari,
834 2191 865 2242 ut
890 2181 1005 2243 interim
1029 2183 1193 2244 abstineant

52 2287 283 2355 apersecutione
311 2291 410 2344 eontra
438 2284 630 2358 Christianum
658 2303 724 2345 nam
751 2287 803 2344 bac
828 2285 874 2344 via
901 2287 1111 2346 conservabunt
1137 2287 1192 2348 sibi

54 2387 276 2448 benevolentiam
298 2390 436 2448 bonorum
457 2388 616 2463 principum
639 2399 669 2450 et
684 2392 738 2448 Dei
756 2391 858 2463 etiam;
880 2399 910 2450 et
924 2391 1064 2464 promisit,
1086 2409 1117 2451 se
1139 2392 1193 2450 hoc

54 2491 79 2548 in
96 2499 196 2552 senatu
218 2491 460 2551 renuntiaturum.

120 2597 216 2668 Quum
238 2612 329 2654 essem
350 2595 386 2654 ab
414 2612 661 2665 antecessurus,
692 2603 723 2655 et
749 2597 798 2656 ille
824 2615 868 2656 me
896 2599 1090 2658 amantissime
1115 2617 1190 2658 com·

54 2699 221 2768 plecteretur
241 2699 422 2774 diceretque,
444 2717 474 2758 se
496 2699 534 2776 (si
555 2717 611 2758 non
632 2699 753 2773 amplius
773 2700 802 2759 in
824 2702 1016 2776 boemundo)
1039 2703 1139 2762 saltem
1161 2703 1190 2762 iu

55 2803 177 2872 paradiso
198 2819 244 2860 me
266 2803 401 2874 visurum,
422 2803 572 2877 respondi:
616 2803 747 2877 Utinam,
778 2809 845 2878 opto
866 2805 942 2864 enim
963 2813 1039 2866 tuam
1061 2808 1190 2880 salutem,

54 2904 73 2961 si
90 2907 227 2982 quispiam
248 2907 336 2977 alius3
358 2909 409 2966 sed
431 2908 550 2980 adfirmo,
572 2910 648 2982 qnod
674 2907 729 2967 nisi
756 2908 809 2968 tibi
831 2909 970 2968 Dominus
997 2909 1086 2968 lilium
1107 2928 1189 2970 suum

54 3009 206 3070 manifestet
228 3021 257 3070 et
278 3019 398 3070 renovet
419 3026 468 3071 eor
488 3011 591 3086 spiritu
612 3030 673 3085 suo,
694 3012 724 3071 iu
745 3013 849 3072 coelum
869 3013 933 3090 (ubi
955 3021 1050 3073 certus
1071 3031 1132 3073 sum
1145 3031 1190 3074 me

54 3116 239 3190 ascensurum)
262 3133 316 3173 non
338 3116 491 3189 aseendes3
513 3117 563 3174 sed
585 3133 644 3189 ora,
666 3096 698 3175 nt
719 3116 772 3175 tibi
792 3117 1009 3190 manifestetur,
1032 3126 1061 3177 et
1082 3118 1189 3191 rogabo

55 3233 99 3287 ego
118 3218 203 3276 etiam
225 3218 348 3276 assidue.
381 3220 477 3293 Atque
492 3219 534 3278 ita
547 3219 667 3278 invicem
683 3217 875 3293 discessimus,
897 3221 949 3280 sed
970 3223 1088 3282 oneravi
1109 3223 1189 3282 illum

54 3318 132 3394 libris,
152 3321 293 3397 imprimis
314 3323 382 3381 dedi
403 3322 611 3384 confessionem
632 3325 700 3382 fidei
723 3324 910 3384 celsitudinis
933 3328 1041 3386 Vestra
1063 3337 1093 3386 et
1114 3345 1190 3386 com-

57 3426 176 3485 mundari
194 3445 260 3486 enm
283 3428 416 3488 Domino.

123 3531 259 3604 Tubingee
280 3533 368 3604 pestis
388 3531 497 3605 incepit
516 3532 661 3606 progredi,
683 3549 771 3606 quare
785 3551 847 3592 eum
863 3532 922 3592 illic
943 3535 1050 3594 nullam
1069 3537 1190 3597 babeam

57 3635 229 3710 uocationem,
251 3654 315 3711 quae
336 3654 379 3695 me
401 3643 484 3709 cogat
504 3636 545 3694 ibi
565 3655 680 3696 manere
701 3641 730 3696 in
751 3639 890 3711 periculo,
911 3639 1064 3700 subsistam
1081 3641 1191 3715 hicper

57 3737 154 3810 aliquot
173 3742 249 3812 dies,
280 3748 310 3798 ct
336 3740 483 3800 adornabo
505 3740 651 3816 negotium
679 3742 714 3800 dc
737 3743 868 3802 versione
895 3743 926 3802 iu
953 3743 1079 3818 linguam
1100 3745 1190 3804 Slavi-

58 3843 144 3915 cam’,
174 3847 236 3904 Deo
260 3848 381 3918 juvante
410 3852 440 3903 et
466 3845 588 3904 caritate
616 3855 646 3904 et
673 3848 825 3920 clementia
853 3849 963 3906 l'cstrae
992 3848 1190 3910 (territurium.

122 4091 132 4143 l
171 4132 176 4146 .
229 4134 235 4147 .
277 4136 282 4148 .
338 4134 344 4148 .

119 4091 338 4235 bisintirdineselui
361 4181 511 4251 neitpnulrt
538 4200 573 4236 an
601 4183 721 4252 beginnt
740 4183 860 4254 Vergcrs
884 4183 1040 4254 thatiglreit
1067 4186 1114 4240 bei
1141 4185 1190 4241 der

60 4257 228 4335 bbersebnung
246 4267 296 4322 der
316 4267 391 4324 bihel
416 4271 445 4322 iu
471 4270 517 4323 die
542 4269 730 4325 sudalavisehe
749 4271 931 4347 (sloreuisehs
949 4272 1005 4328 und
1026 4269 1189 4340 windisehe)
1233 4337 1236 4343 ²

60 4348 168 4410 tprucbe.
203 4353 266 4424 vgl.
286 4354 327 4407 br.
347 4373 374 4408 n.
397 4358 435 4412 17.
