2830 5072
764 351 825 413 32ss
978 330 981 336 '
1301 345 1365 401 1562

221 522 320 576 alidan
340 520 411 575 uach
432 519 614 591 gelegeuheit
632 520 661 575 in
681 521 795 576 Reciam
817 519 899 589 [sloh]
919 519 1078 586 vandregen,
1098 519 1261 574 audistin
1278 520 1366 590 alweg

221 607 308 662 dahiu
327 626 360 660 au
380 606 543 670 inhonorem,
567 607 616 662 das
635 607 680 662 die
699 607 868 675 truolrherey
886 605 931 659 uit
949 606 999 660 der
1016 605 1108 660 endan
1129 607 1242 677 hinweg
1261 606 1365 661 hhorue.

222 713 277 750 von
296 711 394 764 wagan
413 692 484 746 tillet
502 693 643 748 fllrnamer
660 694 803 750 rrrsaehon.
1067 689 1072 696 ’

310 779 384 836 Mein
418 779 548 849 gamahel
582 781 647 836 hait
675 777 792 850 Vergeri
821 781 968 835 schreiben
1002 782 1095 836 sa-mbt
1129 782 1184 837 deu
1219 785 1234 836 5
1262 781 1365 836 weilleu

221 867 461 923 sehneehiennern
481 867 537 920 und
558 866 667 921 weissen
685 867 778 924 hellen
794 867 997 938 enntpfangeu,
1017 868 1182 923 bedanckht
1201 869 1260 924 sich
1279 869 1365 932 deren¹

222 955 331 1010 rnechte
350 955 415 1008 woll
440 955 488 1008 der
514 954 639 1008 hueuner
663 955 797 1025 lebendig
822 953 927 1018 haben,
953 973 998 1008 wa
1016 972 1064 1024 eye
1083 955 1142 1011 also
1162 973 1196 1008 an
1215 956 1365 1010 bekhomeu

225 1057 326 1096 waren.

761 1298 826 1352 lla.

525 1427 650 1514 Verger
674 1449 715 1494 an
740 1429 858 1514 herzog
881 1427 1066 1514 Christoph.

573 1566 762 1638 Troiugena
784 1565 916 1625 Februar
939 1569 1022 1626 1562.

292 1681 368 1748 tiber
392 1693 437 1747 die
462 1693 609 1748 druokerei
633 1693 663 1747 in
683 1694 834 1758 Puschlav,
864 1693 925 1749 eine
949 1694 1049 1748 schrift
1074 1697 1122 1750 des
1147 1696 1290 1750 Fabricius
1317 1697 1364 1749 und

224 1793 321 1846 dassen
334 1791 478 1860 anklageu
492 1808 582 1862 gegeu
595 1790 653 1854 ihu,
674 1791 757 1844 aowie
776 1792 845 1845 iiber
864 1791 946 1846 einen
966 1792 1045 1856 brief,
1064 1792 1118 1845 deu
1139 1809 1169 1846 er
1188 1811 1251 1847 vom
1269 1792 1364 1860 herzog

223 1902 276 1942 von
296 1887 420 1942 Pranllen
440 1886 567 1942 erhalieu
587 1886 667 1974 habe.

298 1984 493 2043 illustrissime
515 1985 657 2057 Princeps
679 1991 709 2043 et
728 1986 850 2044 Domine
872 1987 994 2046 Domine
1016 1987 1262 2046 clementissime!

301 2090 409 2161 Accepi
438 2089 500 2146 heri
526 2091 638 2161 vesperi
659 2107 676 2146 a
696 2091 802 2148 Vestra
823 2090 1002 2150 celsitudine
1024 2091 1222 2151 Illustrisaima
1244 2093 1362 2160 litteram

220 2196 256 2253 ad
277 2195 341 2252 illas
361 2199 459 2252 autern
478 2200 585 2266 partes,
606 2211 670 2268 qnae
693 2195 827 2254 ridentur
848 2198 937 2267 magis
958 2197 1145 2268 necessarie,
1178 2197 1362 2272 respondete

299 2298 454 2370 Sapienter
482 2304 511 2355 et
537 2315 641 2370 magna
666 2297 775 2368 pietate
805 2297 878 2356 vidit
897 2298 1004 2356 Vestra
1024 2299 1191 2370 Celsitudo‚
1222 2301 1362 2372 permagni

220 2421 282 2464 esse
303 2404 450 2473 momenti,
473 2420 508 2464 ne
529 2401 721 2475 typographia
735 2402 759 2470 ¹,
783 2419 847 2475 qnae
869 2405 961 2461 estin
983 2403 1097 2462 eraetia
1117 2404 1147 2462 in
1169 2405 1292 2476 oppido,
1325 2407 1361 2462 cni

220 2525 322 2567 nomen
344 2508 535 2578 Pusclavium,
556 2507 584 2564 in
607 2512 752 2580 potestate
775 2507 923 2580 cujusdam
944 2507 1082 2581 Delphini
1103 2509 1281 2583 Laudolphi,
1304 2509 1362 2567 abo·

218 2613 314 2671 leatus·
334 2617 386 2670 aut
406 2613 441 2670 ad
464 2614 642 2684 papistarnm
663 2629 763 2669 manus
785 2613 934 2682 deveniat3
956 2613 1037 2671 nulla
1058 2618 1103 2671 est
1127 2615 1156 2670 in
1182 2620 1245 2673 tota
1259 2615 1362 2672 Rhaetia
1411 2593 1412 2640 1

219 2735 312 2792 neque
333 2719 362 2776 in
384 2734 419 2776 ea
438 2722 521 2790 parte
543 2717 700 2788 Helvetiae,
730 2735 793 2790 quae
813 2718 953 2791 papistlca
981 2725 1039 2789 est,
1067 2717 1241 2776 Tridentum
1269 2735 1359 2792 nsque¹

187 2860 190 2864 -
220 2840 273 2882 neo
298 2824 405 2882 circum
432 2823 508 2880 cirea
534 2821 626 2878 lacum
649 2819 826 2879 Constantia,
853 2822 909 2878 alia
936 2822 1129 2894 typographia
1155 2828 1262 2892 praeter
1282 2823 1360 2888 illam,
1409 2833 1410 2860 ³

218 2945 388 3002 quemquern
410 2927 528 3000 majoris
550 2927 685 2983 momenti
713 2925 933 2992 mithridatem
964 2926 1039 2998 qnod
1068 2926 1096 2981 in
1118 2925 1258 2984 limitibus
1278 2925 1360 2983 Italia

219 3035 343 3103 existat,
373 3038 405 3088 ut
431 3049 488 3089 non
515 3033 576 3088 aine
604 3047 689 3089 causa
709 3030 789 3101 Papa
816 3045 869 3104 per
889 3030 1016 3102 legatum
1037 3029 1177 3102 petierit,
1210 3037 1243 3088 ut
1263 3029 1359 3088 domini

218 3137 313 3195 Rhoeti
334 3153 395 3193 eam
417 3136 611 3192 destruerent.
653 3133 706 3192 Est
727 3150 796 3206 ergo
819 3135 912 3204 magni
939 3134 1090 3205 momenti,
1122 3141 1152 3192 et
1173 3134 1359 3194 conservanda
1410 3211 1411 3216 η

219 3245 265 3299 est
283 3256 336 3313 pro
358 3239 535 3306 Christianis,
557 3240 581 3298 si
603 3257 659 3298 non
679 3239 708 3296 in
729 3239 791 3308 ipso
813 3238 917 3311 oppido
938 3237 1091 3310 Pnselavii‚
1113 3245 1144 3298 at
1165 3238 1357 3298 transferenda
1410 3243 1411 3296 l

219 3346 336 3404 Curiam
356 3345 547 3414 eraetiarum3
571 3345 689 3404 Genera
709 3361 762 3416 per
783 3345 999 3402 concionatores
1028 3349 1058 3402 et
1084 3361 1137 3416 per
1168 3352 1292 3418 quatuor
1314 3347 1357 3398 aut

220 3451 355 3524 quinque,
376 3467 440 3522 quae
461 3449 520 3508 illie
540 3455 615 3520 sunt,
637 3449 842 3522 typographiae
865 3465 899 3506 ea
920 3455 1020 3506 sancte
1040 3454 1136 3520 strage
1154 3449 1275 3508 Galliam
1297 3446 1357 3504 affe-

219 3557 267 3626 eit,
289 3571 345 3628 qna
364 3553 461 3612 affecit
481 3553 641 3630 (loquendo
662 3570 740 3612 moro
762 3551 909 3624 hnmano).
950 3553 997 3611 Sic
1017 3553 1131 3611 Rhaetia
1152 3556 1286 3627 contigua
1302 3553 1353 3609 lta·

219 3661 265 3717 liae
286 3677 339 3731 per
359 3659 564 3732 typographiae
588 3666 674 3732 atque
692 3660 909 3717 concionatores
926 3663 1025 3732 posset
1040 3658 1220 3730 evangelium
1235 3662 1261 3716 in
1275 3659 1355 3730 ipsam
1409 3667 1410 3726 t

183 3743 198 3756 ⁶
219 3764 332 3822 ltaliam
352 3765 499 3822 invehere.

296 3869 362 3927 Nou
384 3877 428 3927 est
456 3875 551 3928 antem
582 3868 695 3927 facilior
723 3870 798 3926 ratio
827 3869 903 3927 illins
928 3867 1127 3941 typographiae
1155 3862 1354 3930 conservandae,

219 3989 304 4046 qnam
335 3979 367 4031 nt
388 3975 493 4032 Vestra
520 3974 718 4032 illustrissime
739 3972 887 4032 celsitudo
916 3972 995 4030 illam
1023 3989 1076 4043 per
1105 3971 1227 4045 aliquem
1252 3973 1353 4028 secreto

219 4084 382 4151 comparet,
415 4096 478 4136 cum
506 4081 666 4151 prasertim
687 4079 878 4148 crediderim,
908 4077 983 4150 qnod
1004 4075 1051 4134 ιιι
1071 4057 1218 4136 οοιιέιιιθῐ
1236 4075 1287 4132 400
1304 4077 1351 4126 aut

219 4183 277 4241 500
292 4182 418 4242 florenos
428 4190 448 4240 ·.
480 4183 543 4241 Neo
560 4183 643 4242 video
664 4183 765 4242 adesse
786 4185 815 4241 in
836 4182 1023 4256 ipsaRhaetia
1042 4181 1088 4240 vel
1109 4199 1195 4241 uuum
1214 4179 1351 4242 hominem,

786 4304 801 4340 *

290 4398 304 4450 1
325 4395 351 4450 S.
370 4413 397 4450 n.
418 4397 475 4452 145.
496 4397 555 4452 244.
