2830 5072
739 318 800 380 342
1273 309 1327 366 15⁶2

275 494 383 552 Iterum
404 493 469 562 post
489 487 605 560 scripta.
634 487 870 562 Supervenerunt
884 485 1091 544 mibiGlavena
1107 486 1214 544 litterae
1235 485 1279 544 die
1296 486 1328 544 ul·

199 600 269 658 tima
288 597 388 656 Martii
408 595 537 670 proxime
558 594 699 668 preteriti
720 594 849 666 seriptae,
879 609 943 665 quea
963 590 1132 650 eishabent
1153 590 1247 666 (verto
1267 591 1329 649 enim

197 701 235 762 ad
256 702 374 776 verbum
396 717 430 758 ex
451 698 575 774 Italico).
616 698 681 758 Huo
701 698 780 756 venit
800 697 940 770 quispiam
960 695 1074 768 Brixia,
1101 697 1150 770 qui
1170 695 1259 754 sitin
1279 713 1330 754 eam

196 807 343 868 diritatem
352 806 443 864 Roma
459 804 572 862 uenisse
593 805 733 868 nuntium,
756 801 834 877 quod
854 803 934 874 Papa
954 803 1083 872 graviter
1103 800 1259 870 laboraret,
1279 817 1330 859 cun
1398 831 1399 838 r

196 911 364 985 sanguinem
385 910 516 968 urinaret
536 905 628 984 (salvo
649 903 781 979 bonore),
805 904 1007 988 veriteslsuum
1022 903 1129 962 babeat
1144 903 1246 962 locum.
1274 904 1331 962 Hae

197 1013 286 1074 verba
306 1013 426 1086 praecise
447 1010 625 1076 scribuntur,
646 1007 697 1066 liat
718 1007 849 1065 voluutas
870 1007 1001 1080 Domini,
1029 1024 1127 1066 verum
1157 1008 1268 1082 quidem
1290 1015 1330 1080 est,

198 1117 274 1192 quod
295 1117 388 1176 Turoa
409 1121 438 1178 et
459 1115 539 1188 Papa
559 1129 704 1186 nunquam
723 1113 861 1184 moritur,
893 1112 970 1184 quod
998 1111 1054 1172 diei
1084 1114 1174 1184 solet,
1205 1119 1297 1171 tamen
1313 1113 1331 1170 si

197 1225 252 1284 iste
273 1223 381 1297 Impius
401 1222 441 1280 IV
463 1237 537 1279 nune
558 1218 653 1278 abiret
673 1235 691 1276 a
712 1218 809 1290 nobis,
837 1219 882 1276 hae
903 1219 1005 1276 saltem
1034 1219 1168 1290 regiones
1196 1217 1330 1291 usquead

200 1326 450 1386 constantiensem
471 1326 573 1394 laeum,
596 1338 667 1405 qpas
687 1320 737 1378 ille
759 1321 789 1378 in
810 1337 876 1378 suas
892 1319 1052 1382 transferre
1064 1323 1180 1381 omniuo
1193 1321 1331 1396 cogitabat,

198 1429 383 1504 respirarent.

256 1535 350 1594 ltem
371 1540 437 1606 post
457 1535 572 1606 seripta.
611 1534 726 1606 Audivi,
746 1532 832 1592 ualde
853 1533 978 1592 creuisse
999 1550 1149 1592 numerum
1171 1549 1275 1607 eornm,
1295 1535 1332 1608 qui

200 1655 237 1697 ex
264 1639 349 1698 ltalia
377 1636 576 1714 profugientes
603 1635 784 1708 evangelium
816 1634 975 1708 praedicent
1004 1636 1034 1694 in
1063 1635 1168 1696 finibus
1195 1637 1284 1696 Italiae
1310 1639 1331 1694 in

202 1744 312 1805 ditione
333 1743 512 1802 dominorum
533 1742 714 1812 ereetorum,
744 1741 822 1799 inter
842 1757 913 1814 quos
934 1757 1032 1798 omnes
1053 1739 1171 1800 fuerunt
1192 1741 1332 1815 dispensati

201 1847 317 1908 ducenti
338 1847 461 1906 maxima
481 1864 544 1904 euru
566 1859 663 1904 eorum
686 1845 878 1904 exsultatione
901 1851 931 1904 et
951 1845 1006 1902 Dei
1027 1844 1166 1917 imprimis
1189 1851 1218 1904 et
1236 1848 1332 1904 Vestra

200 1953 405 2012 illustrissimae
436 1951 623 2012 Celsitudinis
653 1951 755 2023 laude;
793 1955 860 2009 sunt
890 1957 986 2010 autem
1018 1951 1129 2008 inventi
1159 1952 1196 2008 23
1227 1951 1332 2008 maxima

201 2059 331 2127 egestate
352 2053 491 2127 oppressi,
513 2071 576 2112 eum
599 2070 652 2126 ego
675 2055 710 2110 16
728 2053 877 2112 dumtaxat
892 2069 954 2112 esse
970 2055 1141 2126 putaverim,
1163 2054 1246 2112 valde
1261 2069 1332 2125 egen-

201 2163 245 2218 tes
267 2157 344 2235 (uam
367 2165 433 2216 sunt
453 2159 551 2232 aliqui,
574 2157 621 2232 qui
643 2173 698 2216 non
721 2164 788 2216 sunt
808 2173 898 2232 usque
920 2157 994 2216 adeo
1015 2157 1188 2234 pauperes),
1210 2163 1253 2216 tot
1272 2159 1331 2216 euim

201 2260 317 2320 fuerant
337 2268 431 2322 antea.
475 2261 625 2322 Laudatur
646 2262 733 2333 Deus,
755 2263 803 2334 qui
826 2269 914 2334 auget
933 2263 1070 2335 populum
1092 2279 1175 2320 suurn
1197 2261 1332 2322 vehemen-

202 2371 256 2436 ter,
279 2372 310 2424 ut
331 2372 375 2425 est
395 2367 423 2423 in
444 2365 563 2442 psalmo.
617 2445 620 2450 .
1101 2350 1105 2358 ’

281 2469 350 2528 (lum
371 2470 500 2538 videam,
532 2470 559 2526 d.
582 2469 752 2541 Oognetium
781 2468 941 2527 Gallienum
970 2470 1098 2543 legatum
1126 2471 1203 2528 velle
1233 2469 1331 2528 differre

201 2591 281 2634 suam
303 2574 358 2632 bue
378 2572 584 2648 profectionem
606 2589 697 2646 usque
718 2572 755 2630 ad
775 2571 879 2630 festum
901 2571 1051 2643 lobannis,
1072 2589 1127 2646 ego
1147 2575 1263 2632 interim
1280 2572 1331 2630 volo

201 2679 311 2738 versari
332 2680 361 2738 in
383 2679 526 2750 eeclesiis,
555 2678 602 2736 ubi
631 2677 739 2750 dogunt
759 2677 882 2734 ministri
903 2676 968 2734 ltali
991 2683 1022 2736 et
1042 2675 1215 2736 inflammari
1235 2676 1268 2736 ab
1286 2675 1330 2734 illis

202 2790 231 2844 et
252 2800 301 2842 eos
322 2782 551 2858 (qualiscumque
569 2781 636 2858 sim)
657 2780 843 2851 inflammare,
865 2785 896 2838 ut
917 2782 974 2838 sint
995 2781 1150 2852 diligentes
1170 2782 1200 2840 in
1221 2783 1330 2840 ministe-

200 2888 259 2956 rio,
290 2904 374 2968 spero
400 2893 495 2946 eutem
523 2886 646 2972 fructum
673 2903 729 2946 non
760 2885 942 2944 mediocrem.
984 2885 1179 2944 illustrissime
1201 2887 1329 2959 Princeps,
1365 2951 1367 2959 ἢ

202 2991 323 3064 exiguus
345 2998 373 3050 et
395 2989 484 3050 veluti
506 2990 653 3048 abortivus
674 3008 735 3048 sum
756 2991 833 3050 inter
854 2989 967 3061 fratres,
989 2997 1086 3048 tamen
1108 2991 1216 3062 siquid
1235 3007 1330 3065 possum

201 3100 360 3167 praestare,
389 3095 418 3152 in
440 3094 484 3151 his
506 3095 634 3153 eeclesiis
661 3111 777 3166 possum
808 3094 882 3168 (baee
907 3100 951 3152 est
978 3096 1095 3168 propria
1122 3112 1187 3154 mea
1215 3095 1329 3169 vocatio),

203 3197 279 3269 quod
300 3197 379 3256 Deus
400 3199 461 3270 seit,
484 3214 528 3254 me
551 3198 676 3256 libenter
696 3197 792 3257 faeere
819 3204 847 3256 et
876 3215 978 3272 magne
999 3200 1085 3256 enimi
1113 3199 1232 3271 laetitia,
1255 3215 1330 3272 spero,

202 3318 247 3360 me
269 3316 324 3358 non
347 3301 430 3364 modo
451 3302 599 3375 usquead
625 3301 730 3376 festum
758 3303 918 3376 lobannis,
949 3304 1000 3363 sed
1032 3305 1118 3365 etiam
1146 3321 1201 3378 per
1226 3306 1329 3378 aliquan

201 3409 315 3476 partem
335 3406 441 3463 mensis
463 3406 531 3464 Julii
553 3405 599 3464 hio
620 3424 800 3479 urnansurum,
830 3407 935 3466 deinde
957 3409 993 3466 ad
1014 3408 1239 3469 Illustrissimam
1259 3407 1330 3468 belsi-

203 3507 332 3568 tudinem
356 3507 490 3568 Vestram
511 3511 680 3583 rediturum,
703 3511 725 3570 si
748 3512 827 3572 Deus
849 3514 980 3596 poluerit.
1116 3590 1119 3596 Ι

282 3612 396 3672 Adsunt
417 3614 559 3686 colligatae
580 3615 691 3688 aliquot
710 3616 816 3674 litterae
832 3632 939 3688 eorum,
961 3617 1010 3692 qui
1026 3616 1143 3675 luerunt
1159 3620 1328 3689 eleemosyna

202 3715 368 3790 participes,
387 3715 527 3789 imprimis
548 3718 635 3775 trium
657 3718 795 3776 bonorum
816 3721 954 3790 virorum,
977 3720 1024 3803 qui
1046 3721 1259 3794 dispensarunt,
1278 3734 1328 3777 une

201 3818 309 3877 litterae
330 3826 396 3877 sunt
417 3827 526 3891 apertae
542 3837 595 3893 per
610 3838 738 3880 eruorem
752 3841 769 3881 a
785 3840 830 3881 me
848 3823 972 3898 quidem,
994 3824 1191 3886 illustrissime
1203 3822 1329 3884 Celsitude

141 3947 145 3954 ·
202 3923 307 3982 Vestra
327 3923 462 4006 dignetur
482 3927 642 3997 ignoscere,
665 3941 758 4000 neque
780 3928 854 3985 enim
867 3903 931 3986 'luit
950 3928 1068 4000 malitia,
1089 3930 1183 3987 Deum
1205 3935 1314 4004 testorn.

280 4027 425 4090 Fortassis
445 4030 624 4088 increbeseet
644 4029 730 4102 fama,
752 4033 828 4105 quod
850 4034 925 4106 eirea
942 4034 1056 4094 Curiam
1073 4035 1238 4094 Rbaetorum
1252 4033 1328 4092 omnia

201 4133 308 4191 sintin
329 4135 430 4206 armis3
459 4150 513 4192 neo
534 4135 596 4193 sine
617 4151 703 4195 eausa
723 4137 917 4210 increbesoet,
950 4155 1014 4196 narn
1035 4138 1121 4198 hodie
1142 4137 1217 4198 faeta
1236 4143 1276 4196 est
1293 4137 1326 4193 lu·

202 4239 304 4296 stratio
325 4240 437 4310 rivium,
459 4241 508 4312 qui
528 4241 699 4314 prodierunt
720 4219 832 4315 armati,
852 4243 889 4302 ad
911 4243 987 4318 quod
1007 4244 1202 4316 spectaculum
1220 4241 1325 4312 undique

202 4341 286 4400 multi
307 4347 523 4404 concurrerunt.
564 4342 638 4404 Sunt
659 4344 732 4406 enim
754 4345 864 4422 aliquot
884 4349 950 4406 euni
978 4345 1069 4418 elapsi
1096 4343 1160 4406 lere
1189 4347 1237 4414 10,
1263 4336 1325 4417 quod
