2884 5074
96 347 154 404 lest
621 357 684 416 457

92 539 149 583 rore
173 525 286 598 aliquod
309 527 376 598 jus,
408 527 476 599 unia
503 525 613 586 nullam
638 527 717 585 aliud
743 525 839 584 habet.
880 526 965 595 lans,
996 541 1033 584 ne
1059 525 1101 584 illi
1128 526 1227 587 miseri

93 637 257 690 marcescant
277 637 307 690 et
326 633 489 714 moriantur
507 633 535 690 iu
557 633 608 691 illo
630 631 764 706 squalore
786 637 815 690 et
836 627 952 689 miseria
973 645 1132 698 carcerum,
1160 647 1227 690 con·

94 733 249 807 stituerunt,
270 735 344 796 velle
366 736 435 796 dare
457 753 514 795 una
534 753 599 794 cunr
621 734 758 795 iratribus
779 735 838 794 suis
859 735 948 809 regim
959 733 1107 808 Maiestati
1129 735 1229 809 quale·

89 851 198 911 eumque
218 839 354 911 scriptum
369 838 504 912 postulat,
527 845 613 912 atque
636 837 689 896 boc
710 838 804 896 medio
826 837 959 898 obtinere
973 837 1174 898 liberationem
1190 839 1228 916 (si

89 941 164 1002 modo
183 943 275 1002 adhue
294 949 432 1016 poterunt
453 944 609 1022 obtinere).
651 943 683 1001 In
711 959 768 1017 quo
797 944 915 1017 quidem
935 946 1053 1020 negotio
1073 944 1227 1018 plurimam

88 1053 194 1120 possent
210 1050 307 1121 juvari
328 1066 346 1108 a
366 1065 509 1122 generoso
531 1048 646 1108 domiuo
667 1047 800 1108 lolianus
821 1047 945 1122 Ungnad
960 1049 984 1119 ¹,
1011 1050 1060 1124 qai
1081 1049 1146 1109 illos
1166 1065 1227 1108 ser·

88 1158 129 1210 rat
146 1153 174 1210 in
194 1171 251 1212 una
277 1155 369 1222 turri,
401 1171 465 1228 qnae
491 1160 535 1214 est
563 1153 592 1213 iu
622 1153 746 1228 quodam
766 1159 862 1213 castro
882 1159 984 1214 vocato
1005 1155 1089 1214 Grac.
1131 1155 1227 1227 Quare

87 1262 245 1318 reverenter
266 1259 394 1331 supplico
416 1259 589 1320 Celsitndini
612 1259 737 1331 Vestra,
769 1265 802 1318 nt
828 1275 881 1332 pro
902 1276 954 1318 sna
973 1259 1097 1320 maxim
1116 1259 1227 1333 pietate

87 1379 116 1422 ac
133 1365 251 1424 naritus
272 1365 409 1438 dignetur
436 1381 488 1438 per
508 1381 574 1424 suas
594 1367 707 1426 litteras
729 1382 779 1424 eos
800 1364 1002 1424 commendare
1022 1363 1064 1422 itti
1085 1378 1227 1437 generoso

87 1465 192 1527 domiuo
212 1469 336 1542 Urrgnad
357 1475 387 1528 et
406 1475 517 1544 petere,
539 1477 570 1529 ut
597 1487 775 1546 quacumque
796 1471 824 1528 in
853 1487 885 1528 re
911 1469 978 1528 illos
1006 1469 1097 1542 possit
1114 1470 1226 1542 juvare,

86 1573 147 1631 velit
165 1574 193 1632 in
216 1575 348 1634 Vestram
369 1575 492 1649 gratiam
510 1577 622 1650 juvare,
645 1593 748 1636 nomeu
770 1591 868 1634 eorum
891 1581 936 1634 est
954 1575 1049 1634 Julius
1070 1580 1100 1633 ct
1120 1573 1228 1634 Darius

86 1675 220 1750 (isnardi,
243 1678 295 1738 filii
316 1680 420 1740 nobilis
442 1681 495 1740 viri
516 1682 660 1756 quondam
681 1682 787 1740 domini
809 1681 907 1740 Sancti
926 1682 1023 1754 patria
1041 1679 1227 1754 lustinopoli·

87 1783 147 1840 tani.
187 1784 252 1843 Non
275 1784 389 1855 dubito,
420 1777 488 1862 quin
510 1787 593 1847 valde
614 1786 773 1860 profuturae
800 1788 859 1846 sint
884 1787 942 1846 iliis
969 1787 1081 1845 miseris
1095 1785 1228 1858 'captivis

85 1886 150 1946 tales
171 1888 278 1948 litterae
299 1889 487 1950 Getsitudinis
504 1893 625 1951 Vestrae.
656 1893 689 1950 In
711 1891 814 1966 quibus
835 1893 922 1951 etiam
944 1895 1042 1964 posset
1062 1890 1126 1949 fieri
1147 1895 1226 1950 nien·

85 1991 134 2064 tio,
165 1993 244 2066 quod
266 2011 319 2068 ego
347 1997 522 2056 ostenderim
550 1997 644 2056 eidem
665 1996 837 2057 Gelsitudini
858 1995 970 2056 Vestrae
994 1995 1107 2056 litteras
1136 1995 1227 2068 ipsius

85 2095 184 2156 domini
205 2100 348 2159 lobannis
368 2100 507 2176 ngnad‚
534 2103 584 2178 qui
603 2119 634 2164 se
654 2108 713 2162 tam
733 2107 904 2162 reverenter
924 2107 955 2160 et
974 2106 1055 2160 tauto
1076 2099 1164 2160 animi
1184 2097 1226 2158 al·

83 2199 152 2262 lectu
173 2206 385 2266 commendauit
406 2223 515 2282 suaque
536 2208 673 2282 obsequia
694 2206 807 2267 obtulit.
848 2206 953 2266 Exstat
972 2205 1081 2266 diserte
1101 2220 1228 2278 pracep-

83 2310 135 2364 tnm
151 2307 259 2368 Christi
280 2309 316 2367 de
337 2309 509 2383 adjuvandis
530 2311 651 2384 captivis
671 2311 793 2370 maxime
814 2308 1024 2369 innocentibus.
1056 2312 1152 2383 Quare
1172 2309 1226 2368 ite·

82 2426 138 2470 rum
157 2415 289 2487 supplico
310 2432 363 2487 per·
383 2415 482 2475 lesum
503 2415 656 2488 Christum,
677 2422 710 2475 ut
731 2415 880 2475 Oeisitudo
901 2418 1006 2476 Vestra
1025 2433 1082 2476 nou
1103 2416 1228 2490 deneget

82 2517 157 2577 nobis
177 2519 372 2594 patrocinium
393 2537 484 2579 sunm.

344 2625 456 2687 Vestrae
480 2625 669 2687 Oalsitudinis
690 2625 960 2687 observantissimus

980 2730 1147 2803 vergamus.

618 2998 685 3054 240,

372 3126 497 3211 Verger
520 3150 562 3192 an
587 3126 709 3212 herzog
733 3126 921 3216 Christoph.

568 3260 636 3318 Sine
657 3259 735 3320 dato.

350 3360 417 3416 Muil
439 3361 483 3416 ins
499 3361 564 3431 jahn
585 3363 652 3418 1559
674 3361 770 3426 fallen,
790 3379 810 3414 s.
829 3379 856 3416 ιι.
876 3360 909 3417 85
928 3361 956 3414 ff.

145 3477 238 3532 eistat
262 3495 309 3531 nm
335 3477 380 3532 die
405 3477 640 3548 zurilcksendung
667 3476 743 3532 eines
772 3476 876 3532 buches
902 3475 959 3531 rand
986 3493 1032 3530 nur
1063 3477 1228 3545 enwcisung
1286 3461 1291 3472 '

78 3569 152 3628 einer
171 3590 263 3629 neuen
282 3575 432 3645 wohnumg.

152 3672 348 3730 illustrissime
369 3672 508 3746 Princeps
528 3678 559 3730 ct
579 3665 701 3730 Domine
723 3673 845 3730 Domine
867 3670 1112 3732 Clementissimet

152 3775 282 3836 Primum
302 3777 445 3850 supplico,
466 3783 499 3836 ut
519 3776 668 3836 Gelsitndo
689 3777 795 3836 Vestra
815 3777 951 3850 dignetur
972 3775 1149 3843 meminisse,
1182 3789 1226 3833 rne

77 3879 117 3937 iili
137 3882 289 3955 reliquisse
310 3882 510 3941 annotmiones
531 3897 611 3941 meas
629 3884 659 3939 in
680 3880 879 3956 ucalegon&
910 3897 974 3955 quse
1003 3881 1112 3939 utinam
1133 3879 1170 3938 ab
1192 3897 1227 3938 eu

77 3983 209 4057 legantur
229 3987 438 4060 mittanturque
459 3986 497 4045 ari
518 4002 563 4045 me
585 3986 776 4060 conjudicis
796 3986 894 4060 ipsius.
930 3986 1007 4054 Dixi,
1029 3984 1055 4043 d.
1076 3983 1226 4044 Brentium

77 4088 189 4163 legisse·
202 4108 295 4165 nequo
317 4091 503 4166 improbasse.

642 4233 658 4268 ’l‘

147 4345 160 4399 l
181 4343 206 4400 S.
225 4364 253 4400 n.
272 4347 316 4403 30.

145 4431 162 4485 2
181 4431 208 4488 S.
226 4433 268 4488 br.
288 4451 315 4488 m.
334 4435 376 4489 85.
