2830 5072
50 379 105 432 1561
560 385 622 448 239

46 551 204 610 recusatione
231 553 381 612 Mantuani
407 553 521 612 concilii
536 553 553 612 ¹.
601 553 675 612 Nam
705 557 800 614 omnia
827 555 987 616 Sieidano'
1014 561 1169 618 communi·

45 658 102 726 caui,
121 672 207 728 neque
227 673 351 731 unquam
371 658 453 730 potui
472 672 655 730 recuperare.
688 660 795 719 Verum
810 660 1007 720 Illustrissima
1019 647 1169 722 (ieis'itudo

45 759 132 818 Veatm
145 760 260 834 iubeat,
289 768 320 820 nt
347 761 412 836 quia
439 763 559 833 incipiat
579 777 597 820 a
618 761 674 822 fine
696 765 788 823 octavi
810 763 877 822 iibri
904 772 934 824 et
955 773 1058 840 pergat
1077 783 1170 840 usque

44 863 72 920 ad
90 864 277 924 duodecimum
298 867 454 936 exclusive,
485 871 515 924 et
541 865 669 928 inueniet
697 873 756 926 tum
777 869 964 930 indictionem
985 869 1069 930 Pauli
1088 872 1169 932 iiia

43 984 79 1025 ne
96 969 121 1026 in
141 968 319 1028 Germaniam
340 970 466 1040 aliatum,
487 977 548 1030 tum
570 987 639 1030 vero
660 974 879 1032 recusationem.
921 971 1041 1033 Aitirrno
1061 981 1168 1047 autem,

43 1072 105 1143 quod
123 1071 269 1134 Sleidanus
288 1076 317 1132 in
339 1076 383 1132 his
402 1074 529 1134 fideliter
548 1093 580 1134 se
605 1078 730 1147 gesserit
756 1077 908 1152 (quidquid
935 1080 964 1136 in
993 1078 1057 1138 attis
1082 1079 1169 1138 rebus

42 1175 138 1253 iecerit)
152 1179 217 1248 scio,
239 1195 283 1236 me
305 1181 449 1238 monuisse
469 1187 556 1252 atque
578 1179 749 1238 instruxisse
771 1181 912 1240 hominem
935 1184 962 1240 in
977 1180 1031 1254 his,
1052 1199 1117 1255 qum
1131 1181 1168 1240 ad

42 1280 171 1338 concilium
191 1283 331 1356 attinent,
358 1290 530 1356 exstantque
550 1283 666 1355 publica
685 1285 807 1358 scripta,
840 1283 915 1344 unde
937 1285 986 1344 iile
1007 1288 1099 1346 multa
1118 1287 1168 1346 de-

41 1388 151 1456 sumpsit.

106 1493 133 1552 st
154 1491 222 1567 quid
243 1492 322 1550 alind
351 1491 379 1549 in
408 1492 461 1550 iuao
488 1507 587 1561 causa,
619 1508 681 1564 quae
703 1490 809 1550 Christi
838 1499 883 1550 est
909 1509 1013 1566 cansa,
1043 1510 1168 1566 possum,

41 1597 128 1654 Vestra
147 1595 345 1656 illustrissima
365 1595 516 1654 Oeisitudo
544 1595 678 1668 dignetur
705 1596 862 1655 admonere
893 1604 981 1671 atque
1009 1599 1167 1674 imperare3

41 1717 124 1759 uersor
142 1701 235 1760 adhue
255 1702 285 1759 in
307 1718 341 1760 ea
362 1717 448 1760 cansa
469 1705 499 1758 et
526 1701 693 1774 gravamine
719 1701 824 1776 colligo
855 1701 937 1762 nobis
961 1702 1044 1762 iiiatu
1069 1709 1170 1764 contra

39 1807 75 1874 jns
93 1812 121 1864 et
138 1804 180 1864 ius
200 1808 230 1864 in
252 1807 307 1864 isto
329 1806 450 1864 concilio
471 1805 648 1864 adornando.

103 1911 238 1970 Discessit
258 1909 372 1982 statim,
399 1908 448 1968 ubi
469 1910 628 1982 Tubingam
650 1911 731 1980 ueni,
762 1911 886 1970 servitor·
911 1910 1000 1984 legati
1027 1911 1139 1984 papalis
1151 1911 1169 1970 ⁸.

40 2013 128 2085 Accepi
148 2033 183 2080 ex
203 2015 291 2074 ltalia
311 2014 440 2082 litteras.
462 2031 526 2086 qnae
546 2031 639 2072 meam
660 2015 852 2088 suspicionem
873 2020 1016 2074 auxerunt
1036 2015 1072 2074 de
1093 2016 1169 2076 beiio

42 2126 94 2190 post
112 2120 260 2179 concilium
281 2119 436 2178 metuendo
448 2119 468 2176 ⁴.
510 2118 660 2192 Scribant,
689 2119 716 2176 d.
738 2119 865 2178 Venetos
892 2121 1003 2178 munire
1024 2121 1170 2178 ciuitatem

39 2220 171 2297 Bergomi‚
202 2241 303 2284 eorum
325 2223 430 2282 milites
451 2225 506 2282 ime
527 2229 557 2282 et
577 2223 646 2282 iiiuc
666 2239 820 2284 excurrere
842 2238 941 2282 eorum
960 2224 1110 2296 mandato,
1137 2230 1170 2282 ut

40 2324 72 2397 fit,
90 2330 112 2385 ai
131 2329 246 2403 qnando
266 2328 373 2388 beilum
394 2333 563 2401 exspectant
581 2326 741 2386 infinibus.
772 2327 884 2386 Deinde
905 2327 1041 2398 scribunt,
1061 2329 1169 2402 Papam

39 2446 201 2492 accessurum
222 2434 393 2504 Bononiam,
413 2431 539 2505 Philippi
561 2447 630 2492 uero
654 2431 857 2504 Hispaniarum
879 2434 956 2504 regis
976 2431 1086 2492 fliium⁵
1106 2433 1168 2493 Me·

39 2535 174 2611 diolannm‚
196 2555 263 2613 qum
283 2540 379 2596 omnia
392 2537 526 2596 videntur
541 2537 648 2596 betium
669 2535 852 2596 denuntiare.
883 2535 1009 2596 Prodest
1029 2539 1168 2609 timuisse,

39 2647 61 2698 et
78 2627 279 2717 saepe'nocuit,
300 2641 384 2700 nihili
405 2639 519 2700 iecisse.

102 2747 191 2806 Veiim
211 2763 268 2822 per
280 2745 445 2820 quindecim
458 2745 522 2802 dies
534 2743 693 2817 Gttppingae
714 2759 777 2802 esse
799 2751 829 2802 et
849 2747 955 2816 partim
974 2745 1081 2816 lavare,
1103 2761 1169 2816 par·

38 2851 78 2908 tin
95 2829 193 2912 bibere
213 2869 252 2912 ex
272 2851 324 2910 iile
342 2867 426 2924 aqna.
463 2850 511 2908 Sic
531 2849 606 2908 eninr
626 2848 782 2908 consulunt
801 2847 905 2906 medici
925 2856 956 2908 et
975 2849 1080 2908 Vestra
1099 2849 1169 2906 Illu-

38 2957 160 3016 strissima
191 2956 343 3016 celsitudo
372 2954 520 3027 imprimis.
571 2951 688 3012 Utinam
719 2952 888 3024 dignaretur
917 2951 1033 3012 mittere
1058 2951 1096 3011 ad
1122 2969 1168 3012 me

37 3057 148 3134 litteras,
177 3061 284 3136 quibus
304 3059 492 3119 mandaretur·
511 3074 563 3116 suo
584 3056 781 3130 depingensi
800 3055 955 3130 praeiecto,
985 3063 1018 3116 ut
1037 3057 1106 3116 mihi
1126 3057 1169 3116 io·

38 3180 89 3222 cunr
113 3167 299 3238 permitteret
325 3166 353 3222 in
384 3180 471 3230 arce,
503 3180 566 3222 cum
594 3178 651 3220 non
677 3162 715 3220 sit
740 3161 858 3220 munita.
899 3161 992 3220 Velim
1020 3162 1095 3218 enim
1116 3177 1170 3234 per

38 3271 184 3339 quindecim
211 3270 259 3329 vel
280 3269 383 3342 viginti
403 3269 465 3328 dies
489 3268 551 3326 illic
577 3267 693 3340 degere.
733 3265 855 3324 Publica
881 3266 1041 3324 diversoria
1065 3267 1094 3324 in
1122 3265 1170 3324 via

38 3373 112 3447 regia,
132 3375 169 3434 ad
190 3392 256 3449 qnae
276 3380 335 3432 tarn
355 3372 438 3430 multi
459 3370 605 3444 peregrini
626 3371 720 3430 solent·
740 3369 894 3440 accedere,
925 3369 1017 3428 debeo
1038 3376 1170 3428 metuere

589 3474 605 3508 a

96 3559 106 3609 l
126 3557 196 3613 Paul
214 3554 413 3622 Intumuere,
433 3553 516 3622 papst
537 3552 606 3606 1534
624 3551 668 3606 bis
686 3552 732 3615 49)
752 3551 831 3605 hatte
853 3549 920 3602 1535
933 3550 979 3603 ein
993 3550 1083 3604 concil
1097 3553 1169 3607 uach

38 3641 139 3699 Mantua
156 3643 406 3716 ausgesohrieben;
434 3641 542 3710 Verger
560 3656 618 3694 war
637 3639 747 3693 damels
766 3635 929 3705 beanitragt
953 3654 1097 3708 genesen,
1124 3639 1171 3694 die

39 3730 175 3788 denmohen
205 3731 312 3786 iursten
339 3730 383 3783 fiir
407 3728 534 3782 dasselbe
559 3744 592 3780 uu
613 3725 771 3795 gewinnen.
810 3723 860 3777 Die
880 3725 1170 3796 absagungsnrirunde

39 3815 78 3870 des
88 3817 359 3875 sehmsslxaldisohen
374 3816 489 3879 bundes‚
503 3831 558 3869 uon
571 3811 772 3867 Melanchthon
786 3809 936 3881 abgefasst,
949 3812 986 3866 ist
999 3829 1062 3867 vom
1072 3813 1104 3866 21
1118 3813 1171 3868 De·

40 3907 133 3962 sember
151 3909 220 3964 1535
239 3905 352 3968 tiodiem,
371 3922 392 3958 s.
411 3903 473 3958 sixt
491 3904 524 3956 57
544 3901 573 3954 ff.

95 3995 153 4050 28.
172 4013 201 4050 n.
224 3995 262 4048 il.

98 4083 154 4137 3S.
174 4101 200 4136 n.
221 4082 271 4136 125
290 4079 348 4134 und
368 4080 426 4132 110.

96 4157 204 4225 tUber
223 4169 320 4223 diesen
338 4185 371 4220 nn
395 4165 590 4222 erwartenden
619 4163 701 4234 irrieg
728 4163 804 4218 siehe
831 4163 880 4216 das
906 4159 1095 4216 aursidhrliche
1114 4177 1171 4214 me-

40 4253 124 4309 morial
142 4257 263 4327 Vergars
281 4253 402 4309 dariiber
419 4255 461 4309 br.
479 4273 507 4308 n.
525 4254 558 4307 62
566 4272 591 4308 a.
613 4254 670 4308 134.

99 4342 198 4396 5War
217 4342 280 4398 eine
298 4341 403 4397 feische
428 4340 586 4402 nachrieht,
617 4338 762 4393 danudon
784 4336 893 4400 Garios,
922 4353 974 4388 von
1000 4335 1063 4386 dem
1082 4332 1169 4386 aliein

41 4426 78 4480 die
93 4430 156 4484 rede
173 4432 231 4487 sein
251 4432 336 4494 kann,
358 4432 420 4484 kann
441 4429 487 4483 nie
507 4429 580 4483 nach
600 4427 734 4482 Mailand.

85 4533 172 4593 Vertar·
930 4519 961 4572 19
