2830 5078
51 349 111 404 1558
576 351 635 412 167

48 539 102 578 nant
117 522 189 594 Popo
207 520 417 580 absolutionem
439 523 466 580 ei
487 521 588 581 fuisset
610 521 730 580 daturus
752 539 770 580 a
788 521 965 595 juramento,
987 521 1011 582 si
1032 521 1103 580 illud
1124 539 1180 581 non

49 631 185 684 servasset.

116 731 178 790 Dixi
199 730 313 802 deiude,
336 730 563 800 Maximiliunum
586 735 644 788 met
666 730 759 790 solere
781 728 932 804 conqueri,
953 729 1030 802 quod
1051 729 1088 788 sit
1108 733 1180 788 turu-

50 852 119 906 quem
139 852 223 908 puer,
246 836 295 908 qui
318 834 416 892 visitet
437 835 565 906 sellulas,
587 834 653 892 ideo
674 851 790 893 neeesse
811 833 933 903 hebere,
954 839 986 893 ut
1007 833 1181 892 informetur

50 936 126 994 adhue
146 935 180 994 de
200 937 262 1009 his,
276 939 281 949 ¹
294 953 358 1010 quae
385 937 422 994 ud
450 942 576 994 nostrum
597 938 768 1008 religionem
787 939 950 1011 pertiuent3
981 955 1084 998 revera
1104 937 1179 996 euim

53 1059 125 1114 neque
144 1058 194 1099 sua
214 1041 298 1116 regin
319 1039 460 1098 celsitudo
481 1056 575 1112 neque
599 1039 647 1114 qui
667 1040 711 1098 illi
726 1039 872 1114 assistunt,
894 1047 961 1100 sunt
981 1041 1055 1100 berre
1077 1042 1106 1100 in
1127 1042 1180 1100 huo

52 1163 117 1202 eausa
136 1147 300 1214 exercitati,
322 1150 426 1218 putent
447 1145 536 1214 enirn,
567 1163 598 1202 se
619 1161 702 1218 posse
724 1145 906 1206 dissimulare
928 1152 958 1204 et
977 1145 1070 1204 missis
1090 1148 1179 1204 inter·

50 1267 106 1320 esse,
126 1267 153 1308 se
174 1267 261 1323 posse
282 1251 413 1322 accipere
435 1266 544 1308 coenum
567 1249 619 1306 sub
640 1255 762 1323 utruque
784 1253 879 1324 speeie
896 1268 932 1310 ex
947 1251 1077 1310 erunibus
1091 1252 1179 1308 sueri-

48 1355 108 1412 fieuli
126 1355 258 1429 papistiei
280 1362 368 1428 atquo
389 1354 447 1412 aliu
467 1353 635 1426 hujusmodi.
667 1353 732 1410 Dixi
754 1371 833 1427 orgo,
854 1361 913 1412 tum
936 1371 1033 1428 regem
1053 1360 1113 1413 tum
1133 1369 1180 1412 re·

49 1458 140 1531 liquor,
160 1462 208 1532 qui
229 1461 290 1518 illio
312 1459 447 1516 videntur·
468 1474 564 1516 emere
586 1458 776 1531 evangelium,
799 1477 862 1518 esse
880 1459 1039 1532 juvandos,
1064 1475 1177 1532 regem·

49 1581 92 1635 pue
113 1564 201 1636 ipsum
232 1570 266 1622 et
294 1565 422 1638 reliquos
452 1564 506 1622 hoo
535 1570 655 1636 petere,
686 1573 719 1622 ut
744 1566 903 1637 inventur,
935 1563 1081 1638 praecipue
1109 1579 1178 1622 vero

49 1666 157 1740 nobiles,
194 1669 245 1742 qui
283 1674 350 1726 sunt
385 1669 415 1726 iu
453 1669 516 1741 ipsa
546 1669 681 1736 dustria,
717 1668 825 1740 Stiria,
858 1668 1007 1728 Corinthia
1043 1673 1073 1725 et
1108 1667 1177 1726 Gur·

50 1771 128 1842 tiolo,
162 1773 209 1846 qui
247 1772 438 1844 gratissimam
474 1771 602 1830 habuero
636 1773 795 1832 versionem
829 1775 903 1832 Novi
934 1773 1111 1832 Testamenti
1147 1773 1176 1830 in

49 1873 156 1947 linguam
192 1875 334 1934 Slavicum
354 1876 382 1948 ¹,
419 1882 577 1950 petuntque
613 1876 666 1933 sibi
701 1877 838 1936 adornari
872 1879 1032 1934 versionem
1062 1877 1177 1935 Veteris

49 1979 207 2038 Testamenti
235 1985 267 2037 et
294 1981 366 2038 alios
396 1981 518 2038 selectos
549 1979 661 2051 aliquot
690 1981 778 2039 libros
809 1981 903 2052 mitti,
934 1979 1036 2054 quibus
1067 1981 1178 2052 possint

47 2083 177 2154 proficere.

111 2189 242 2262 inprimis
263 2195 375 2262 petunt,
397 2194 429 2246 ut
450 2189 555 2247 Vestra
577 2187 725 2248 Celsitudo
747 2188 817 2246 velit
838 2204 887 2248 eos
906 2186 1015 2248 hebere
1036 2203 1177 2247 commen·

48 2291 120 2362 datos,
140 2294 263 2365 primum
285 2293 361 2366 apud
382 2293 623 2364 Muxitniliouum,
644 2292 721 2364 apud
738 2264 833 2366 ¹quem
860 2307 957 2350 omues
980 2293 1041 2364 jnm
1062 2297 1177 2362 norunt,

48 2395 235 2455 Celsitudinem
258 2397 389 2456 Vestram
411 2398 565 2470 plurimum
586 2397 684 2454 uslere
705 2397 799 2468 gretia
819 2401 849 2454 et
869 2397 1041 2466 autoritate,
1070 2395 1176 2454 deiude

46 2501 68 2556 iu
89 2503 223 2575 comitiis,
258 2519 322 2576 quae
350 2504 479 2574 proxime
505 2501 738 2560 celebrabuntur.
785 2500 860 2558 Nem
886 2501 916 2559 in
941 2501 1036 2560 animo
1060 2501 1176 2572 hubent,

48 2605 141 2664 mittere
163 2608 277 2679 legatos
298 2612 328 2664 et
349 2605 488 2679 experiri,
516 2620 550 2660 an
580 2609 698 2675 possent
725 2619 814 2660 usuo
836 2602 950 2662 domiuo
970 2621 1023 2676 per
1046 2603 1177 2662 Vestrum

49 2705 265 2768 intercessionem
292 2709 423 2766 obtinere
455 2705 620 2764 libertatem
649 2704 897 2764 reformandurum
924 2707 1108 2766 ecelesiarum
1139 2708 1176 2766 ud

49 2826 152 2872 normam
174 2812 326 2886 evangelii.

108 2916 174 2973 Haee
195 2920 262 2972 sunt
283 2914 429 2986 precipua
449 2912 556 2986 cupita,
586 2928 649 2985 quae
676 2913 712 2970 de
733 2919 811 2972 stulu
831 2914 1019 2974 Maximiliani
1045 2920 1075 2972 ot
1099 2921 1176 2974 stutu

47 3033 125 3076 rerum
144 3019 363 3078 Austriaearum
383 3017 452 3075 dixi.

109 3125 213 3182 Addidi
234 3124 270 3181 de
281 3123 420 3194 Monunio,
443 3121 520 3194 quod
542 3137 577 3179 es
597 3120 724 3179 abundet
740 3122 960 3196 Anabuptistis²
979 3124 1070 3196 magis
1090 3139 1175 3198 quem

47 3242 153 3299 utiquam
172 3235 267 3300 austes,
290 3233 318 3284 et
339 3227 414 3300 quod
438 3242 529 3300 nuper
550 3241 584 3283 eo
606 3225 798 3284 confluxerint
822 3228 936 3287 circiter
955 3227 1042 3286 XXX
1061 3225 1176 3302 profugi

48 3343 74 3382 ex
92 3329 177 3399 ltalia,
200 3348 253 3389 nee
273 3347 343 3402 non,
370 3330 447 3402 quod
473 3329 516 3385 illi
537 3327 736 3402 Anubeptistae
757 3347 850 3404 nuper
870 3333 1049 3406 susceperint
1069 3337 1100 3392 et
1120 3349 1176 3392 eoe-

48 3435 128 3501 perint
147 3435 305 3494 defendere
326 3435 478 3493 articulum
498 3433 580 3492 illum
601 3435 636 3491 de
657 3435 796 3504 trinitate,
818 3442 936 3509 propter
957 3454 1042 3510 quem
1062 3436 1175 3497 Gribul·

48 3535 89 3594 dus
106 3539 157 3599 luit
177 3541 393 3599 condemnatus.

593 3662 608 3697 ¹l=

106 3772 161 3827 ts.
181 3772 220 3828 br.
238 3793 266 3830 n.
287 3777 327 3829 17.

106 3863 193 3918 lseit
214 3865 281 3920 1526
308 3877 400 3918 waren
427 3859 622 3916 wiedertttuler
647 3860 721 3914 neueh
740 3860 855 3916 Mithrem
881 3863 1091 3934 eingewundert
1117 3865 1174 3920 trud

51 3944 133 4003 hatten
157 3951 220 4005 dori
242 3953 315 4006 trote
340 3948 538 4004 manehfeoher
563 3947 768 4017 verfolgungeu
795 3950 854 4004 sielu
878 3951 942 4004 sehr
969 3950 1173 4021 uusgebreitel5

51 4034 142 4107 odelige
160 4038 349 4108 guisbesitzer,
369 4037 475 4092 welche
494 4037 555 4092 ihre
574 4037 807 4093 beiriebsnmkeit
825 4039 883 4092 und
899 4040 1084 4110 sparsemkeit
1102 4041 1174 4098 heeh

52 4122 188 4190 seh'dtzten,
217 4128 309 4196 geben
335 4125 422 4180 ihneu
440 4142 527 4194 gerne
547 4125 726 4190 unterkunit;
757 4125 866 4179 damals
884 4127 996 4182 ztthlleu
1015 4127 1054 4182 sie
1073 4129 1107 4182 60
1125 4145 1173 4198 ge·

53 4210 179 4277 meiudeu,
207 4213 353 4269 besondeus
378 4211 630 4276 deutsehredende;
657 4230 677 4265 s.
697 4212 831 4282 Gindely,
858 4211 1018 4286 geschielite
1037 4215 1086 4270 der
1104 4215 1173 4271 buh-

54 4295 159 4353 miseheu
178 4302 277 4356 breider
294 4303 315 4366 Ι,
334 4303 385 4356 213
404 4300 421 4354 f.
440 4300 476 4364 Il,
498 4301 529 4353 19
549 4300 567 4356 f.
