2830 5078
1295 367 1345 424 lttt

225 543 295 600 satir
314 547 385 614 puto
404 541 435 598 in
455 539 507 599 tali
528 555 623 599 cansa.
663 539 731 598 Alia
751 537 1005 598 oonfoederationis
1025 537 1131 610 forma,
1161 530 1293 599 offensina
1308 542 1347 598 sci·

225 646 295 706 licet
315 651 345 704 et
365 643 528 717 dolensisc,
550 629 747 717 preterquam
770 641 927 702 difficulter
955 644 1023 702 bino
1042 644 1229 704 obtineretur
1247 651 1274 702 et
1291 641 1347 701 forto

225 766 283 810 non
304 748 497 820 obtineretur,
525 748 662 807 maximos
682 763 780 807 seeum
800 748 930 807 traheret
949 748 1128 820 suspiciones
1155 755 1186 807 et
1206 747 1295 807 forsan
1311 747 1349 806 ali·

225 853 340 928 qnando
359 852 547 912 incommoda.

305 957 401 1029 Quare
421 961 592 1016 reverenter
612 957 692 1027 dico,
714 956 784 1015 satis
803 953 948 1028 fntnrnm,
975 957 1000 1014 si
1020 956 1162 1030 Maiestas
1183 957 1285 1016 Vestra
1301 972 1351 1013 con·

190 1087 193 1094 ¹
226 1068 310 1124 tonte
328 1059 419 1120 tuerit
439 1075 484 1132 ea,
505 1077 569 1134 ane
589 1061 784 1135 promittatur,
806 1061 957 1120 consilinm
977 1065 1008 1119 et
1028 1077 1127 1134 opera.

234 1227 237 1234 ,
305 1166 418 1226 Deinde
439 1164 534 1234 oddo,
565 1180 611 1222 me
639 1157 675 1222 in¹
696 1166 792 1223 animo
816 1163 965 1238 babuisse,
996 1171 1109 1236 postam
1130 1166 1315 1225 conscendere
1331 1172 1353 1223 ot

225 1271 302 1346 qnod
322 1286 405 1352 nnnc⁸
417 1269 526 1342 scripsi,
548 1275 663 1340 egomet
683 1269 720 1327 ad
741 1269 928 1342 Maiestatem
948 1269 1082 1328 Ventrem
1103 1269 1236 1343 adferre2
1257 1270 1304 1330 sed
1320 1285 1352 1326 se·
1405 1303 1406 1306 =

226 1383 348 1451 quntum
368 1373 517 1433 consilinm
537 1373 723 1434 illustrissimi
745 1373 852 1432 domini
871 1374 1007 1447 principis
1033 1375 1105 1445 mei,
1139 1373 1217 1432 domi
1239 1376 1353 1432 mansisse
1404 1369 1406 1428 s

228 1487 258 1540 et
278 1480 477 1550 constituisse,
505 1485 640 1550 nepotem
660 1495 755 1538 meum
776 1477 954 1538 Ludovionm
976 1478 1160 1551 Vergerium‚
1188 1481 1354 1550 praesentinm
1404 1557 1405 1560 Ἴ

227 1582 418 1642 exhibitorem
438 1584 561 1640 mittere.
588 1580 651 1640 Sed
666 1581 715 1640 nbi
729 1582 852 1653 primurn
863 1581 1118 1654 VestraMajestas
1138 1583 1260 1657 dignata
1279 1581 1354 1650 inerit,

227 1687 297 1746 mibi
317 1683 487 1759 significare,
508 1705 540 1746 se
554 1703 609 1745 non
625 1703 701 1760 aegre
715 1688 849 1755 laturam,
870 1695 903 1746 ut
921 1695 1036 1760 egomet
1047 1688 1192 1760 accedam,
1215 1705 1270 1761 ego
1289 1687 1356 1747 nullis

227 1791 374 1851 laboribus
394 1789 475 1865 (licet
495 1775 679 1867 senensem)
699 1807 814 1864 paream
835 1797 865 1850 et
885 1789 1074 1852 libentissime
1095 1795 1219 1852 veniam.

305 1895 376 1955 (lum
397 1896 476 1953 Dens
496 1895 526 1952 in
547 1909 631 1953 manu
652 1895 758 1954 Vestra
784 1897 843 1954 tale
872 1903 902 1955 et
928 1903 1042 1955 tantum
1068 1915 1189 1970 regnum
1215 1896 1356 1966 collocavit,

228 2016 294 2060 enm
315 2000 378 2059 dies
398 2006 554 2074 noctesque
580 1993 669 2073 rogo,
699 2006 731 2058 nt
761 2001 849 2060 tolero
876 2003 1007 2073 spiritum
1032 2003 1179 2076 talemque
1206 2003 1356 2075 sapientiam

227 2105 376 2179 Maiestati
397 2102 509 2162 Vestra
529 2105 659 2176 inspiret,
681 2122 737 2178 qna
757 2105 850 2180 gloria
871 2107 934 2178 ejns
954 2114 1167 2178 promoveatur.

307 2207 483 2267 Commendo
504 2224 550 2266 me
570 2207 818 2267 reverendissime.

308 2313 499 2386 Stnttgardim
519 2314 567 2372 die
589 2313 674 2372 XXX
694 2313 828 2373 ianuarii
854 2317 935 2372 1559.

768 2593 803 2651 ts
815 2609 838 2652 o.

557 2713 711 2780 Wilhelm
734 2713 819 2782 Oeoil
842 2738 883 2780 an
908 2716 1042 2804 Verger.

571 2844 786 2905 Westmdnster
807 2849 824 2904 2
845 2847 926 2906 Mtte
950 2849 1032 2908 1559.

300 2966 432 3021 Antwort
449 2963 500 3022 anf
514 2982 541 3020 n.
560 2964 628 3020 teo.
646 2983 747 3035 wegen
766 2967 815 3023 doe
833 2969 996 3038 genannten
1014 2967 1187 3026 brindnimes.

298 3062 526 3134 Abgosohrieben
544 3080 593 3117 ans
611 3063 735 3119 sohneiz.
755 3081 879 3120 museum
899 3064 974 3130 1788,
992 3064 1053 3130 488,
1071 3064 1108 3120 da
1127 3065 1177 3119 das
1197 3063 1315 3137 original
1330 3064 1360 3118 im

228 3157 256 3213 k.
275 3157 374 3215 archiv
391 3158 422 3213 in
441 3158 587 3230 stuttgart
603 3158 685 3215 nicht
701 3160 781 3215 mehr
798 3161 906 3232 vorlag.

308 3255 480 3317 Reverendo
512 3265 543 3316 ot
570 3259 711 3332 praeolaro
737 3258 799 3318 viro
827 3259 853 3318 d.
882 3259 972 3318 Petro
999 3259 1090 3319 Panlo
1119 3259 1259 3335 vergerio
1284 3259 1361 3319 amico

227 3359 387 3431 praeclaro!

308 3463 392 3535 Quod
414 3480 450 3522 ex
465 3464 634 3538 Kylligrevo
653 3473 751 3526 nostro
772 3467 916 3540 accepisti,
938 3467 968 3527 id
989 3474 1018 3528 te
1039 3468 1110 3526 diois
1130 3468 1160 3526 in
1181 3469 1287 3528 litteris
1305 3469 1360 3537 tuis,

228 3565 304 3626 detis
324 3569 469 3627 tricesimo
490 3570 629 3644 lanterii,
651 3573 845 3631 illustrissimo
867 3572 988 3646 principi
1011 3573 1125 3634 domino
1147 3580 1198 3632 tno
1212 3575 1360 3632 universnm

229 3672 491 3732 communicavisse.
528 3675 627 3750 Atque
657 3677 784 3736 studium
811 3678 865 3736 hoc
888 3683 970 3736 tunm
994 3679 1231 3752 voluntstemqne
1257 3691 1360 3737 asero-

229 3778 348 3836 nissima
369 3777 471 3850 regina
491 3785 598 3849 nostra,
619 3782 700 3852 scito,
722 3798 895 3854 magnopere
916 3799 985 3842 sano
1006 3783 1129 3841 laudari.

309 3882 401 3953 Quum
423 3886 622 3945 serenissimus
642 3889 777 3961 princeps
806 3894 889 3960 tuus,
918 3905 1088 3962 quacunque
1115 3890 1145 3946 in
1171 3906 1205 3948 re
1235 3889 1359 3948 excellen-

229 3987 347 4046 tissimae
367 3989 476 4062 reginae
497 3997 603 4049 nostrae
623 3999 673 4050 ant
694 3993 757 4065 ejus
781 4009 872 4066 regno
900 3993 952 4052 ulli
972 3994 1018 4052 vel
1039 3993 1188 4052 commodo
1209 3995 1255 4054 vel
1273 3992 1360 4054 honori

230 4107 293 4152 esse
313 4093 405 4166 possit
424 4093 454 4152 in
474 4096 662 4170 propaganda
681 4097 774 4170 gloria
794 4104 824 4157 et
845 4098 954 4158 bonore
974 4097 1039 4171 Dei,
1061 4113 1119 4157 non
1139 4098 1272 4158 rideatur
1289 4093 1358 4155 defn-

228 4202 319 4268 tnrns
342 4199 393 4258 illa
417 4215 485 4258 sane
505 4199 580 4277 bano
599 4203 663 4275 ejus
684 4209 714 4261 et
733 4205 873 4275 pietatem
893 4206 923 4263 in
943 4205 1037 4264 Deum
1057 4204 1246 4263 vehementer
1263 4201 1357 4268 laudat,

229 4305 259 4359 et
273 4300 449 4359 voluntatem
467 4317 538 4376 erga
557 4304 740 4376 majestatem
761 4321 841 4364 snam
861 4323 925 4365 cnm
946 4308 1064 4365 summis
1084 4309 1173 4368 etiam
1193 4309 1290 4382 gratiis
1307 4319 1356 4362 ma·

228 4405 303 4462 xime
325 4405 547 4480 complectitnr;
578 4405 699 4479 quarum
726 4412 756 4466 tc
783 4423 897 4482 quoqne
924 4410 988 4482 ejus
1013 4413 1127 4470 nomine
1156 4411 1284 4470 nnntinm
1303 4421 1355 4466 esso
1400 4389 1401 4422 ¹
