2884 5074
89 350 148 410 rtet
612 355 675 424 463

86 537 155 592 simae
169 533 377 592 urbisBasileae
393 533 422 590 in
443 532 499 590 fine
520 533 649 604 epistole
670 532 858 592 dedicatoria
881 525 1010 610 [numen]
1032 527 1220 593 inseruisset?

86 637 127 696 Ad
144 637 261 711 primunr
286 651 343 694 non
370 637 486 710 negavit
508 635 633 707 Cealius,
665 652 696 694 se
724 633 811 694 fuisse
839 639 978 696 munitum
1003 655 1020 697 a
1048 644 1163 697 rectore
1193 645 1222 697 et

85 741 254 813 censoribus,
277 757 313 800 ne
335 740 438 798 librum
458 741 487 798 in
509 742 602 799 lucem
625 741 740 810 ederet,
762 742 813 798 sed
834 743 992 815 respondit,
1015 759 1071 802 neu
1093 760 1139 815 se,
1169 744 1221 801 sed

84 846 163 906 filium
184 863 263 906 suum
284 844 505 920 imprimendum
527 847 656 917 dedisse,
685 847 772 920 idque
801 847 855 906 hee
874 847 961 905 modu
982 847 1131 907 accidisse.
1172 847 1222 906 Fi-

83 953 144 1009 lium
161 967 240 1010 suum
249 951 402 1010 Horatium
418 957 539 1026 prepter
554 949 667 1023 privata
688 949 818 1023 quadam
841 952 957 1022 negotia
977 948 1137 1022 proiectum
1158 965 1222 1008 esse

83 1057 108 1113 in
126 1055 253 1131 Italiam,
284 1073 319 1114 aa
344 1063 414 1114 tunc
436 1056 600 1129 priusquam
630 1055 687 1114 iter
706 1056 921 1128 ingrederetur,
943 1071 1083 1129 rogasse,
1116 1062 1149 1114 ut
1169 1055 1222 1113 sibi

82 1159 164 1219 libelli
184 1162 268 1234 bajus
289 1161 471 1219 describendi
493 1167 523 1219 et
543 1177 638 1218 secmn
659 1159 772 1219 ferendi
800 1160 910 1234 cupiam
937 1157 1061 1230 faceret,
1088 1159 1117 1218 id
1146 1157 1224 1233 qued

83 1260 136 1332 ipse
154 1261 217 1326 fieri
237 1263 410 1337 permiserit.
444 1263 599 1337 Postquam
619 1263 709 1335 igitur
730 1263 874 1335 superatis
885 1263 1005 1335 Alpibus
1020 1262 1227 1338 Puseblauiunr',

82 1368 262 1440 pervenisset,
284 1369 324 1426 ibi
344 1370 404 1426 visu
425 1367 501 1440 apud
521 1366 610 1426 filitmt
627 1367 735 1438 libelle,
757 1382 821 1426 eum
836 1367 1057 1440 imprimendum
1077 1375 1223 1426 curarunt.

154 1471 236 1542 Quod
266 1489 334 1532 reru
360 1473 466 1553 attinet
493 1471 530 1530 ad
558 1489 660 1532 nomen
689 1473 814 1532 civitatis
836 1473 977 1546 Basilese,
1008 1473 1076 1532 inde
1102 1474 1222 1544 venisse,

83 1575 152 1646 qaod
173 1586 322 1650 postquam
337 1579 472 1650 sperarit,
493 1577 569 1636 hunc
590 1561 717 1636 libellum
731 1578 852 1638 Basileae
868 1577 1058 1652 approbatum
1071 1565 1158 1650 atque
1174 1579 1223 1637 ad·

81 1677 188 1736 missurn
209 1681 255 1746 iri,
278 1681 326 1754 qui
347 1680 569 1752 imprimeretur,
590 1695 622 1738 se
643 1681 715 1740 bana
736 1683 886 1754 epistulam
907 1683 944 1740 ad
966 1699 1064 1756 regem
1084 1681 1222 1755 Peloniae,

80 1782 121 1839 cui
140 1784 244 1844 libram
267 1785 587 1858 dedicarit,·suripsisse
608 1791 646 1854 et,
668 1792 699 1843 ut
719 1788 807 1844 muris
828 1793 882 1859 est,
902 1789 1025 1862 primum
1040 1790 1067 1847 ei
1081 1789 1110 1846 iu
1125 1785 1224 1848 libelle

80 1885 167 1948 lucum
188 1889 372 1960 attribuisse,
405 1888 453 1946 ubi
475 1895 537 1946 tum
557 1889 624 1947 sese
643 1906 698 1948 uun
719 1891 848 1962 potuisse
869 1891 927 1950 aiio
947 1893 1011 1952 ioco
1032 1893 1077 1950 vel
1107 1893 1224 1953 civitate

79 1990 184 2052 litteras
205 1995 290 2054 datas
310 1993 472 2068 significare
494 2001 581 2068 atque
603 1996 774 2068 exprimere,
796 2009 880 2070 quam
893 1997 941 2054 ubi
956 1997 1131 2056 domicilium
1142 2015 1224 2056 suum

14 2165 17 2174 ,
79 2095 208 2172 baberet,
236 2100 291 2158 bue
311 2101 404 2158 estin
426 2100 543 2158 civitate
565 2099 680 2159 Basilea
700 2105 788 2174 atque
807 2101 850 2161 ita
870 2099 991 2166 iactum,
1013 2108 1046 2160 ut
1067 2116 1130 2160 cum
1150 2101 1225 2160 filius

79 2200 203 2276 sibiipsi
224 2204 356 2263 libellum
377 2211 446 2263 turre
467 2205 666 2278 descripserit,
695 2205 724 2262 in
747 2223 782 2265 eo
804 2209 890 2264 etiem
913 2223 1015 2266 nomen
1035 2205 1158 2266 Basileee
1178 2221 1224 2264 re·

78 2309 230 2380 manserit,
265 2325 300 2366 ex
328 2325 383 2382 quo
412 2308 457 2386 (ut
483 2309 597 2385 speret]
628 2309 699 2368 nibil
726 2311 893 2368 detrimenti
915 2310 953 2369 sit
973 2318 1094 2385 captura
1114 2311 1225 2370 ciuitas.

79 2410 143 2482 Quae
168 2413 216 2472 bie
244 2414 380 2482 recitavi,
410 2419 477 2470 sunt
497 2413 614 2471 verbum
635 2411 723 2471 verbo
744 2412 897 2485 desumpta
917 2429 954 2470 ex
974 2415 1082 2487 scripto
1102 2413 1224 2472 rectoris

78 2523 105 2574 et
131 2534 285 2578 censorum
307 2518 525 2586 Basiliensinm‚
557 2517 660 2591 quibus
686 2515 775 2576 fuerit
802 2533 889 2576 causa
909 2516 956 2593 (ut
981 2516 1053 2594 disi)
1081 2517 1225 2590 delegata,

77 2623 149 2692 quud
168 2625 225 2696 ipsi
249 2624 357 2683 demini
378 2623 553 2682 Basiiienses
572 2623 610 2681 ad
627 2623 761 2682 Vestram
777 2623 1002 2682 Illustrissimum
1018 2623 1225 2680 Celsitudinem

76 2727 222 2786 miserunt.
255 2729 461 2787 Anthenticum
482 2736 526 2786 est
546 2727 621 2801 apud
642 2743 697 2785 me.
739 2729 833 2800 Quare
854 2726 973 2800 pulchre
994 2733 1125 2800 apparet,
1146 2728 1224 2798 ipsos

76 2844 207 2892 censeres
231 2833 354 2891 Caelium
380 2834 538 2903 monuisse,
570 2849 605 2889 ne
626 2831 730 2890 librum
752 2831 903 2904 evulgaret
933 2837 963 2888 et
989 2833 1080 2905 ipsum
1102 2831 1224 2890 Ooelium

78 2941 165 2996 tetum
186 2939 302 3010 culpam
322 2937 352 2995 iu
372 2935 463 2996 filium
484 2937 629 3010 rejecisse.

150 3041 274 3102 Fuisset
295 3043 417 3116 quidem
443 3042 565 3102 rectoris
591 3047 678 3115 atque
700 3055 850 3099 censorum
871 3039 1009 3113 officium,
1040 3041 1224 3112 investigare,

77 3163 140 3204 num
162 3165 235 3208 vera
257 3146 389 3219 inissent,
412 3163 475 3221 quae
495 3147 557 3220 ipse
573 3145 681 3204 (lelius
694 3145 899 3218 respondisset,
921 3145 998 3218 quod
1019 3145 1129 3204 scilieet
1149 3143 1226 3202 filias

74 3253 221 3314 curaverit
244 3251 349 3311 librum
378 3252 616 3324 imprimendum,
647 3266 704 3308 non
732 3258 830 3308 autern
857 3251 950 3322 ipsum
971 3249 1119 3322 Coelium3.
1140 3247 1225 3308 facile

42 3375 43 3378 ¹
75 3357 149 3414 enim
168 3361 338 3432 potuissent
352 3357 393 3420 ,ad
416 3358 568 3416 veritatem
589 3357 752 3432 pervenire,
773 3355 838 3418 uuis
859 3357 961 3413 saltem
975 3355 1083 3414 litteris
1099 3353 1225 3412 inliba-

75 3462 140 3523 tiam
161 3465 290 3538 seriptis.
322 3461 384 3520 Sed
401 3461 575 3534 imeri-jan
597 3477 653 3519 non
671 3461 880 3531 videturupus.
912 3459 985 3518 Nam
997 3458 1228 3518 Pusublariensis

76 3565 152 3624 uerbi
167 3567 223 3628 liei
236 3569 377 3637 minister,
398 3570 442 3625 vir
461 3568 666 3640 integerrimus
687 3583 721 3624 au
741 3565 851 3636 dectus,
873 3562 969 3623 Julius
989 3565 1026 3622 de
1040 3562 1228 3622 Mediolane¹

74 3672 174 3730 scribit
194 3673 320 3744 litteras,
344 3687 464 3746 quarum
485 3673 647 3744 exemplum
667 3669 789 3728 inferius
811 3669 993 3741 describitur,
1012 3670 1044 3727 in
1065 3683 1121 3742 que
1133 3669 1229 3742 plane

74 3774 210 3852 affirmat,
234 3779 339 3838 librum
360 3777 449 3842 fuisse
470 3778 506 3834 de
528 3779 676 3836 vuluntate
699 3781 865 3848 ct-sumptu
879 3772 1151 3848 Caelilimprassutn,
1172 3789 1230 3830 uun

74 3891 170 3942 autem
193 3883 274 3957 quud
295 3883 370 3942 alius
390 3883 501 3954 iecerit,
524 3889 555 3942 ut
576 3880 684 3938 Coelius
704 3879 863 3952 respondit.
944 3917 946 3922 -
1264 3955 1272 3972 .

103 3974 107 3980 ’
150 3987 254 4048 Tener
275 3981 370 4046 autem
392 3987 554 4046 litterarum
576 3985 677 4046 italica
702 3985 801 4070 lingua
826 3985 1014 4055 scriptarum,
1044 3999 1118 4056 quas
1141 3985 1228 4040 etiam

644 4113 840 4158 ἢεί.

144 4239 276 4295 lJuliue
293 4255 347 4294 ven
371 4237 513 4302 Mailaud,
542 4238 588 4293 ein
607 4237 718 4292 schiller
747 4254 801 4291 ven
823 4234 942 4289 Valdez.
969 4231 1068 4286 freund
1090 4231 1229 4286 Oeebinoe

74 4327 129 4380 und
149 4327 292 4394 Martyres
311 4341 342 4379 er
359 4341 418 4380 aar
431 4324 600 4394 bebenedig
613 4325 643 4378 in
662 4323 717 4377 den
736 4321 840 4376 lrerlrer
857 4319 998 4390 generiem
1018 4319 1138 4382 worden,
1159 4317 1227 4372 aber

73 4413 177 4468 daraus
197 4413 344 4468 entflohen
364 4413 421 4467 und
439 4411 492 4468 seit
513 4413 579 4467 1547
599 4409 785 4488 innpuschlar
804 4408 845 4462 ais
858 4405 1024 4480 ,geistlicher
1044 4403 1205 4474 angesbellb.
