2852 5076
42 379 103 433 1555
576 383 635 442 125

38 553 135 623 causis,
159 558 218 610 tum
237 554 360 612 maxime
381 552 506 610 omnium
527 551 644 624 pietatis
665 553 780 610 nomine
802 551 962 626 diligenter
982 549 1175 620 commendas,

40 663 138 728 petens,
160 663 199 729 ut,
220 675 285 716 cum
305 660 330 716 is
346 665 480 730 tanquam
494 671 592 715 uerum
610 657 769 715 membrum
784 641 915 716 ecclesie
928 655 1035 715 Christi
1056 659 1177 729 propter

39 763 164 820 sinceram
180 764 322 835 evangelii
344 761 550 832 professionem
571 762 601 818 iu
618 761 703 819 Italia
723 763 782 820 tarn
797 764 864 820 vitae
885 779 968 836 quum
995 761 1174 822 fortunarum

41 867 142 924 summis
162 867 324 940 quibusque
345 867 480 939 periculis
501 866 707 939 siuexpositus
727 873 814 940 atque
837 883 899 926 eam
921 866 957 926 ob
979 883 1092 926 ccusam
1106 865 1175 924 iude

43 975 66 1028 iu
82 972 150 1030 bunc
170 971 351 1031 celsitudinis
371 987 430 1030 suae
451 971 601 1042 ducatum,
633 969 697 1044 [ubi
722 987 753 1028 se
785 987 847 1030 cum
875 973 936 1030 suis
955 973 1092 1030 tutiorem
1112 969 1175 1032 iore

46 1076 135 1151 sperat)
156 1078 282 1148 migrare
303 1075 409 1150 cupiat,
431 1093 496 1136 eum
518 1077 675 1135 clementer
695 1076 849 1134 admittere
870 1079 954 1148 eique
975 1075 1028 1136 sub
1043 1093 1096 1135 sua
1110 1091 1175 1150 pros

45 1183 150 1240 tectione
171 1184 348 1241 securiorem
368 1180 494 1255 propriis
520 1181 651 1239 nimirum
677 1180 838 1254 sumptibus
859 1181 971 1240 vivendi
996 1183 1088 1240 locum
1110 1197 1176 1241 cou-

45 1286 132 1345 cedcro
152 1287 325 1363 dignaretur
347 1293 402 1346 etc.

112 1391 246 1464 Quarnvis
275 1407 344 1450 vero
374 1409 433 1450 suar
463 1389 627 1450 celsitudini
654 1390 727 1448 lianc
754 1397 879 1451 vestram
907 1393 1077 1464 petitionem
1109 1391 1176 1449 dili·

42 1495 139 1565 gentius
160 1496 330 1555 discutienti
352 1503 380 1555 et
401 1495 670 1569 perpendenti-nou
692 1497 770 1554 leves
791 1497 1084 1567 causreoccurrerint,
1107 1513 1176 1569 qua·

43 1606 146 1673 propter
165 1603 194 1658 in
216 1602 273 1658 hoe
300 1601 444 1672 precipue
473 1617 568 1657 rerum
597 1605 674 1658 statu
697 1601 787 1658 visum
815 1606 859 1658 est
885 1617 978 1673 ireque
1007 1617 1067 1660 suce
1092 1601 1177 1660 celsi·

44 1703 121 1761 tudini
142 1705 211 1764 satis
233 1711 328 1763 tutum
356 1705 391 1763 de
419 1705 543 1778 hospitio
570 1703 639 1764 dicti
667 1706 778 1762 comitis
805 1705 914 1778 aliquid
940 1705 1011 1764 certi
1038 1711 1175 1778 statuere,

46 1825 123 1880 ireque
144 1809 197 1881 ipsi
218 1811 318 1867 comiti
339 1809 497 1868 consultum
510 1809 581 1880 iore,
595 1809 668 1866 lianc
682 1807 889 1882 profectionem
906 1811 1059 1883 suscipere,
1080 1816 1176 1869 tamen

44 1913 150 1973 adducta
169 1916 277 1971 vestris
297 1913 592 1972 commendationibus
614 1929 675 1970 cnm
696 1921 817 1986 propter
833 1915 922 1987 ipsius
937 1930 970 1973 uc
982 1913 1098 1984 familiae
1114 1917 1177 1988 ejus

44 2016 215 2091 honestatem,
239 2025 300 2076 turn
321 2017 498 2090 potissimum
520 2033 616 2076 veram
644 2019 786 2091 ei‘urrgelii
808 2017 966 2078 doctrinam
989 2027 1017 2076 et
1038 2021 1177 2091 coguitio-

44 2138 95 2179 ncn
112 2121 161 2181 filii
182 2123 240 2181 Dei
263 2121 526 2194 corrfessionemque
543 2122 664 2201 nominis
679 2129 708 2179 ct
722 2123 822 2194 gloriae
839 2121 939 2194 ipsius,
960 2128 1176 2197 propterquam

44 2230 118 2298 uagis
137 2227 207 2287 ioris
230 2229 297 2286 exul
318 2244 403 2301 quarn
424 2227 500 2286 domi
522 2227 671 2300 magnifice
692 2227 780 2286 vitain
801 2245 864 2286 cum
886 2228 945 2286 suis
959 2229 1066 2301 degere
1081 2231 1176 2304 cupiat

45 2348 70 2388 ac
86 2341 225 2406 preterea
242 2333 396 2393 ebornino
417 2333 560 2392 salvatore
581 2337 681 2392 nostro
700 2332 834 2392 omuibus
854 2333 1018 2394 christianis
1037 2353 1094 2394 uon
1114 2343 1177 2394 tan-

45 2443 92 2494 tun
110 2440 144 2498 sit
164 2439 351 2507 mandatum,
383 2438 433 2496 sed
462 2440 549 2496 etiam
580 2437 686 2496 caritas
711 2437 869 2498 christiana
897 2445 926 2496 et
953 2437 1083 2498 fraterna
1110 2457 1176 2499 con-

45 2545 137 2614 junctio
157 2546 213 2605 hoo
234 2547 339 2616 exigat,
361 2549 393 2602 ut
413 2546 572 2618 praesertim
594 2560 669 2602 verae
691 2545 819 2604 ecclesie
841 2544 987 2618 membra,
1017 2545 1108 2605 sicubi
1128 2563 1177 2605 ne·

48 2652 147 2709 cessitas
165 2652 305 2723 postulat,
328 2657 386 2708 tarn
408 2650 532 2721 bospitio
553 2666 635 2722 quam
658 2650 837 2721 protectione
853 2649 1003 2722 benignius
1020 2651 1177 2723 suscipian-

49 2759 84 2809 tur
100 2774 130 2814 ac
148 2758 176 2815 in
199 2759 254 2814 lroc
274 2772 436 2814 aerurnnoso
457 2753 563 2813 saeculo
583 2761 821 2828 promoveantur,
853 2755 945 2814 noluit
965 2771 1017 2814 sua
1037 2756 1177 2815 celsitudo

49 2855 100 2917 huic
118 2868 220 2921 restrae
242 2860 377 2934 petitioni
399 2876 531 2920 renuero.
563 2861 658 2932 Quare
680 2860 704 2917 si
725 2875 777 2931 pro
796 2863 891 2918 vestro
913 2875 983 2932 ergo
1002 2842 1109 2921 dictum
1130 2877 1176 2919 co·

50 2965 129 3022 uitem
148 2983 246 3025 arnore
268 2971 297 3023 et
318 2965 414 3024 studio
435 2971 563 3024 statuero
583 2965 745 3038 potueritis,
766 2965 920 3038 hospitium
944 2965 974 3023 in
995 2966 1050 3024 boc
1071 2965 1177 3025 ducatu

49 3067 312 3142 Wtrttembergensi
333 3071 475 3143 hujusque
496 3071 650 3143 provinciae
678 3085 778 3126 mores
800 3067 843 3126 illi
871 3085 926 3127 uon
954 3067 1016 3127 fore
1037 3069 1177 3144 ingratos,

50 3170 110 3231 laud
128 3182 242 3235 recusat
264 3192 316 3232 sua
335 3174 493 3245 celsitudo,
521 3175 590 3247 quin
611 3173 653 3231 illi
675 3189 727 3231 suo
749 3174 862 3232 nomine
883 3172 1067 3246 significetis,
1096 3192 1177 3234 suam

49 3278 236 3354 celsitudinem,
259 3298 316 3353 qua
338 3280 425 3339 debet
446 3280 602 3338 christiana
615 3278 826 3348 benevolentia,
848 3280 940 3350 ipsum
959 3280 1098 3338 cuiusuis
1118 3298 1177 3340 urc-

51 3380 124 3442 dioori
151 3395 246 3445 tomen
277 3383 385 3442 familia
412 3386 548 3457 stipatum
577 3383 702 3444 libenter
728 3391 757 3442 et
782 3383 923 3444 benevolo
944 3385 1039 3443 animo
1061 3401 1177 3461 suscep·

53 3493 191 3564 toramen
212 3497 310 3551 autem
331 3491 509 3561 conditione,
538 3497 570 3549 ut
591 3489 677 3566 (sieut
697 3491 818 3548 ducatus
838 3489 924 3562 hujns
945 3489 1001 3550 lert
1021 3492 1178 3551 communis

53 3591 88 3648 lex
106 3603 133 3653 et
151 3597 346 3672 consuetudo)
367 3596 403 3654 dc
425 3614 476 3653 suo
498 3602 528 3653 et
548 3597 672 3668 propriis
693 3593 851 3667 sumptibus
873 3594 903 3652 in
924 3595 1019 3667 aliquo
1041 3604 1120 3656 certo
1140 3598 1178 3680 ad

53 3697 114 3757 illius
133 3703 283 3774 placitum,
306 3707 443 3774 quaritpm
465 3699 528 3758 fieri
548 3703 672 3773 poterit,
702 3700 744 3757 illi
767 3699 938 3758 destinando
958 3702 1022 3759 loco
1044 3719 1108 3760 cum
1128 3717 1180 3760 suu

53 3797 141 3863 ianilia
158 3807 244 3874 vivat,
267 3824 386 3878 eamque
408 3811 440 3862 ut
460 3805 565 3878 hospes
587 3805 750 3862 celsitudini
771 3821 831 3861 sure
850 3811 879 3862 et
901 3804 1023 3864 subditis
1041 3807 1104 3877 ojus
1118 3823 1177 3865 mo-

54 3907 153 3969 destiam
174 3919 204 3970 et
224 3912 436 3969 observantiam
459 3911 610 3981 exhibeat,
641 3929 675 3967 ne
704 3927 756 3967 sua
777 3910 917 3968 celsitudo
938 3927 955 3968 a
976 3913 1035 3970 suis
1056 3911 1179 3972 subditis

54 4010 115 4079 justu
132 4019 164 4076 de
186 4035 273 4077 causa
293 4019 418 4088 querelis
440 4024 541 4076 contra
562 4019 653 4089 ipsum
675 4017 720 4074 vel
742 4033 808 4073 suos
828 4021 973 4087 gravetur.
1005 4016 1088 4076 Etsi
1110 4019 1180 4092 quid

56 4114 221 4195 interipsum
243 4129 272 4180 et
294 4139 344 4180 eos
361 4139 468 4194 ornnes,
490 4125 538 4194 qui
559 4121 676 4180 i'aniilise
697 4122 786 4194 ipsius
800 4122 947 4193 conjuncti
964 4121 1080 4194 luerint,
1103 4125 1179 4182 inter

58 4224 205 4283 seinvicem
226 4226 272 4284 vel
294 4228 381 4284 etiam
410 4233 512 4286 contra
534 4225 666 4285 subditos
688 4224 991 4297 Wltrttembergenses
1018 4227 1178 4300 discordiae,

59 4323 162 4387 lllssitliae
183 4334 227 4390 rel
247 4334 342 4392 litium
361 4334 391 4391 in
411 4333 466 4391 hoc
486 4331 607 4413 ducatu,
622 4331 691 4388 dum
711 4331 741 4388 in
756 4346 791 4387 eo
806 4333 907 4403 egerit,
929 4330 1004 4390 forte
1023 4333 1178 4402 exorietur,

61 4437 83 4484 ut
101 4434 125 4490 in
142 4436 182 4494 his
202 4436 331 4496 ominibus
346 4439 502 4511 cognitioni
518 4443 550 4518 et
564 4435 767 4508 dijudicationi
788 4435 856 4494 clicli
876 4435 1085 4512 illustri[ssi]rni
1101 4436 1179 4520 prin·
