2830 5072
67 381 119 436 iffi
573 383 634 447 2&

62 557 113 629 gurl
132 555 210 628 degit,
231 559 260 614 et
278 559 380 628 putant
399 553 479 612 illum
500 554 618 612 iturum.
660 553 738 613 Sciat
758 558 856 612 autem
876 554 1075 613 illustrissima
1089 551 1179 614 Celsi·

62 660 117 718 tudo
135 661 237 733 Vestra,
257 660 345 731 istos,
376 674 428 730 pro
449 657 552 732 qulbus
573 658 707 717 Farellus
735 658 905 730 intercedit,
936 658 1043 718 ducere
1064 659 1179 732 quidem

60 765 174 835 on'ginem
194 763 228 822 ab
258 763 383 836 antiquis
404 761 615 834 Valdonsibus,
647 761 699 818 sed
726 761 762 820 ab
790 767 855 820 oeto
883 765 966 821 annis
992 763 1064 822 alios
1088 761 1180 822 laetos

60 885 117 938 esse,
130 876 194 926 etse
205 867 414 926 Genevensium
428 865 557 924 eeclesiae
570 881 623 939 per
635 865 732 924 omnia
744 867 938 938 coniunxisse,
959 867 1036 940 quod
1057 865 1178 939 nimine,

60 989 111 1029 nam
129 971 338 1044 diligentissime
358 988 421 1028 snm
441 971 617 1042 sciscitatus,
647 969 671 1028 si
700 985 737 1028 ex
764 971 834 1030 meis
855 978 953 1029 essent
974 970 1179 1043 valnensibns3

58 1077 98 1134 sed
116 1092 165 1134 non
184 1083 248 1134 sunt
268 1074 314 1151 (nt
334 1073 415 1150 dixi),
437 1073 523 1146 longe
544 1073 624 1133 eliud
644 1089 751 1147 genus,
779 1089 836 1134 non
864 1081 909 1134 est
934 1091 968 1133 ea
988 1074 1179 1150 mortificatio,

57 1197 101 1238 non
119 1181 210 1239 eadem
230 1179 380 1238 confessio.

118 1284 208 1342 Rediit
227 1284 382 1356 peculiaris
402 1283 529 1355 nuntius,
551 1284 600 1356 qui
620 1283 734 1342 litteras
755 1284 852 1343 attulit
872 1283 988 1343 domino
1003 1283 1178 1358 Balduino¹,

55 1394 80 1446 ut
95 1389 128 1446 ad
145 1405 187 1446 me
207 1388 367 1462 Tnbingam
388 1389 516 1460 ueniret;
538 1388 703 1462 respondet,
724 1405 755 1447 se
776 1405 866 1462 usquo
886 1389 924 1448 ad
946 1390 1086 1451 nundinas
1108 1391 1179 1450 Hei·

55 1491 177 1566 delbergae
196 1509 368 1565 mansurum,
389 1509 456 1552 mox
475 1494 505 1550 in
519 1492 644 1553 Galliam
657 1493 826 1566 rediturum,
848 1509 933 1566 spero
955 1494 1089 1553 daturum
1110 1511 1178 1570 ope·

54 1613 131 1665 ram‚·
144 1604 174 1656 ut
202 1601 283 1672 prius
310 1617 355 1658 me
382 1599 495 1658 invisat.
536 1599 655 1658 Utinam
674 1599 842 1659 adveniret!
883 1599 958 1657 Nam
984 1607 1179 1674 preterquam

53 1699 114 1770 quod
132 1701 308 1774 relinqueret
327 1703 488 1775 pleniorem
506 1701 618 1791 (oredo)
634 1719 729 1762 rerum
745 1702 922 1763 Gallicarum
937 1703 1179 1778 internetionem,

52 1803 215 1877 adjungerem
236 1807 280 1864 illi
301 1808 423 1867 alterum
443 1815 579 1882 nepotem
599 1810 749 1869 Aurelium
778 1811 808 1868 iu
829 1809 938 1870 Gallias
970 1809 1178 1884 profecturum.

113 1910 226 1970 Domini
246 1911 375 1972 Veneti¹
401 1931 463 1974 rem
491 1931 594 1973 novam
617 1920 648 1974 et
675 1915 798 1974 antehae
824 1916 982 1975 inauditam
1007 1918 1037 1976 in
1058 1917 1180 1976 materia

52 2012 176 2085 religionis
202 2016 385 2076 invexerunt.
426 2017 498 2078 Cum
528 2019 604 2078 enim
635 2019 764 2078 nonnulli
794 2037 830 2079 ex
855 2036 954 2080 eorum
983 2020 1105 2079 subditis
1133 2021 1180 2080 uel

50 2123 142 2188 sponte,
161 2121 206 2180 rel
227 2137 282 2195 per
302 2124 502 2194 magistratum
522 2125 614 2182 eoaeti
634 2123 663 2182 in
685 2124 803 2184 exilium
823 2127 853 2184 in
871 2125 1054 2185 Germaniam
1074 2127 1121 2185 rel
1140 2125 1178 2184 ad

49 2221 176 2284 Helvetios
195 2227 323 2287 abierint
344 2233 374 2286 et
394 2245 500 2288 uxores
511 2226 620 2288 luerint
641 2236 758 2302 seeutae,
780 2247 828 2290 eas
848 2231 944 2290 edicto
965 2229 1080 2303 publieo
1099 2229 1178 2290 edito

48 2339 210 2405 monuerunt,
233 2338 267 2391 ut
286 2347 304 2390 a
324 2331 434 2391 maritis
454 2332 668 2410 (prohpudor)
689 2334 816 2394 avellant
836 2351 876 2406 se,
898 2337 977 2394 etin
998 2335 1111 2394 ltaliam
1131 2350 1179 2394 re·

48 2433 125 2510 deant,
145 2441 216 2499 alias
237 2441 337 2500 dotem
357 2440 518 2513 amissurae3
540 2438 653 2498 infinita
673 2439 784 2498 scilieet
803 2441 940 2513 tirannis,
971 2432 1028 2514 gua
1047 2455 1177 2514 praesup-

46 2550 145 2615 ponunt,
165 2561 217 2604 nos
239 2561 303 2604 esse
323 2547 462 2618 pessimos
482 2545 649 2618 hereticos,
676 2561 695 2603 a
715 2546 818 2618 quibus
838 2544 926 2604 etiam
946 2551 1051 2618 nogant
1071 2561 1178 2605 uxores

47 2645 197 2722 discedere,
227 2651 309 2709 nulla
335 2655 414 2710 certe
441 2655 529 2710 aetate
556 2655 643 2709 antea
670 2649 800 2709 anditum
826 2648 946 2709 larinus.
987 2650 1051 2708 Jam
1079 2650 1179 2710 ridant

45 2749 112 2812 initia
131 2755 265 2815 dolorum
283 2756 312 2814 in
334 2757 397 2829 ipsa
416 2755 528 2814 Veneta
548 2728 709 2828 republica,
730 2755 871 2828 incipiunt
891 2761 1029 2825 metuere,
1051 2770 1087 2812 ne
1108 2755 1178 2828 qnid

44 2857 120 2919 simile
139 2861 264 2934 aecidat,
285 2861 361 2936 quod
381 2863 411 2920 in
426 2861 521 2920 Gallia
541 2861 654 2922 aedidit.
685 2859 742 2919 Sed
762 2861 816 2920 hae
836 2857 872 2919 de
893 2877 925 2919 re
946 2875 1040 2934 spero,
1060 2875 1107 2918 ma
1127 2876 1175 2919 eo·

44 2975 92 3018 ram
108 2963 274 3024 locuturum
294 2961 352 3040 (est
372 2967 449 3024 enim
468 2979 521 3038 per
541 2963 665 3040 magna),
686 2971 718 3023 ut
738 2962 926 3024 fratresJesu
944 2964 1049 3024 Christi
1070 2981 1172 3037 eogen-

44 3070 89 3137 tur‚
107 3071 129 3126 si
150 3087 186 3128 ex
206 3070 295 3129 Italia
315 3067 505 3141 exulaverint,
526 3071 613 3127 etiam
635 3067 772 3126 uxoribus
791 3069 827 3126 in·
840 3069 926 3128 Italia
946 3069 1039 3128 ductis
1060 3085 1177 3142 narare;

45 3185 158 3241 quaenam
179 3181 225 3234 est
245 3173 378 3246 tirannis,
399 3175 423 3232 si
443 3173 506 3232 haee
526 3191 582 3232 non
606 3172 671 3232 est?

107 3279 240 3338 Nondum
263 3296 324 3336 rem
345 3285 435 3338 totam
455 3279 540 3350 plane
561 3281 640 3350 novi,
663 3280 713 3336 sed
734 3280 830 3338 neseio
851 3278 920 3352 quid
940 3280 1094 3353 praesentio
1116 3295 1178 3337 esse

42 3378 65 3439 in
81 3383 162 3444 rebus
182 3387 260 3445 meis
280 3386 316 3444 ab
341 3385 524 3458 antichrist03
557 3403 659 3457 magna
688 3385 763 3444 enim
791 3383 912 3442 exardet
930 3383 1129 3457 indignatione
1150 3389 1180 3443 et

44 3487 136 3557 majore
156 3490 246 3549 solito
268 3476 407 3548 adversus
428 3505 488 3562 me,
517 3495 595 3548 eerte
616 3488 807 3563 prohibentur
827 3490 883 3546 mei
904 3488 988 3547 amiel
1009 3495 1039 3547 et
1059 3505 1179 3548 consan-

42 3590 132 3664 guinei,
153 3593 190 3652 ad
211 3611 261 3652 me
282 3593 408 3652 seribere
429 3599 459 3652 et
479 3610 557 3652 meas
579 3593 710 3667 accipere
731 3593 854 3652 litteras.
895 3591 988 3650 Seiam
1009 3607 1093 3664 spero
1113 3607 1181 3664 pro-

42 3695 140 3762 pediem
161 3699 262 3756 omnia
281 3699 512 3772 particulariter3
541 3714 616 3756 nune
644 3699 679 3756 de
707 3696 812 3757 litteris
840 3697 981 3756 duntaxat
1007 3697 1076 3756 seio.
1116 3694 1180 3769 Ego

40 3806 123 3858 antem
142 3803 227 3862 illum
250 3803 320 3861 nihil
340 3800 414 3862 laeio
436 3803 553 3874 etauio,
574 3818 684 3860 merum
701 3817 764 3860 esse
786 3799 1001 3872 antichristum
1024 3797 1181 3860 confundat

43 3917 96 3962 eum
115 3905 269 3966 Dominus!
312 3909 413 3966 limen.
468 3935 472 3944 ·
855 3908 862 3913 ’

107 4012 181 4083 Quid
202 4015 228 4072 si
249 4013 320 4071 velit
339 4011 492 4083 mandere,
513 4013 622 4070 ulmei
644 4017 764 4084 nepotes
786 4017 926 4083 cogantur
949 4009 1064 4068 domum
1083 4009 1181 4069 redire

599 4141 615 4174 ¹lt

101 4243 289 4300 Halm

100 4331 275 4386 2Rmst
