2830 5078
48 387 111 447 1⁵⁵9
581 401 641 460 197

44 567 234 639 lienteum,
256 585 301 626 me
323 569 428 630 litteris
450 567 574 638 hortari,
604 573 637 626 ut
657 569 743 628 selim
763 573 842 643 pati,
874 587 930 644 quo
950 587 995 632 me
1016 573 1184 634 reconciliet

44 671 155 730 tandem
176 689 228 730 sno
249 672 344 745 Papae.
385 673 465 731 Deus
494 672 574 731 illum
600 689 664 732 oum
685 690 736 733 suo
758 675 945 734 cardinalium
965 677 1086 750 collegio
1107 695 1184 737 cunr-

44 793 93 848 qne
114 793 164 834 suo
185 775 357 835 antichristo
378 777 489 848 perdat,
511 793 593 836 amen
616 793 707 850 amen,
730 783 760 836 ct
781 781 859 838 vivat
880 780 1026 840 Christus!

116 879 291 938 Commendo
313 897 358 938 me
371 887 541 942 reverenter
555 882 667 940 Veslrae
682 881 885 943 illustrissima
899 883 1078 960 celsitudini,
1100 903 1184 961 quam

43 984 114 1042 Dens
134 985 261 1057 optimus
281 983 419 1043 maximus
440 985 521 1043 nobis
542 992 701 1046 conservet.

113 1088 253 1160 Tubingae
275 1089 322 1147 die
344 1093 360 1147 6
382 1089 482 1162 Martii
506 1090 590 1148 1559.

265 1192 470 1252 illustrissimae
492 1193 678 1254 Celsitudinis
699 1196 809 1256 Vestrae
830 1199 953 1256 servitor

596 1287 600 1292 ’
894 1300 902 1308 “
939 1300 1105 1375 vergarius.

579 1536 648 1592 7411,

388 1660 604 1748 Neuiglreiteu
628 1684 685 1727 aus
708 1661 834 1728 ltalien.

106 1761 183 1829 Uber
210 1772 256 1828 die
286 1773 419 1842 ungnade
447 1773 496 1827 der
521 1771 613 1828 neffen
631 1772 715 1828 Paula
732 1771 774 1826 IV
798 1773 854 1828 und
882 1775 927 1831 die
951 1777 1119 1850 verfolgung
1137 1779 1184 1834 des

47 1869 232 1939 evangeliuma
250 1868 280 1922 in
299 1869 377 1923 Rom.

112 1969 195 2040 Papa
215 1965 397 2024 machinatur
418 1969 514 2026 nescio
536 1969 603 2042 quid
625 1975 726 2028 coriti-a
747 1971 958 2028 serenissimum
973 1971 1118 2030 Bohemiee
1139 1988 1184 2030 re·

46 2088 109 2146 geni,
132 2073 328 2146 cogitatuum
350 2076 595 2133 excommunicare
615 2081 751 2148 tanquam
772 2073 976 2134 Lutheranum.

115 2177 187 2235 Cum
201 2178 283 2250 Papa
303 2181 363 2234 tres
383 2181 505 2248 nepotes
519 2175 634 2246 habeat,
656 2193 775 2248 quorum
789 2193 875 2241 unum
891 2177 1075 2249 cardinalem,
1096 2178 1184 2238 alium

46 2282 152 2350 ducem,
179 2282 267 2340 alium
288 2281 480 2338 marchionem
502 2287 616 2339 crearat
636 2298 757 2352 cumque
785 2288 917 2339 uteretur
944 2281 1044 2340 horum
1070 2285 1184 2358 potissi-

47 2403 112 2442 nunr
140 2395 231 2458 opera
258 2387 287 2444 in
319 2384 506 2458 gubernando
534 2391 596 2444 toto
621 2391 746 2458 papatu,
778 2401 870 2458 nuper
897 2403 949 2444 sua
974 2387 1111 2446 sanctitas
1139 2389 1184 2464 (ut

46 2491 130 2566 ajunt)
151 2491 275 2548 removit
295 2506 394 2548 omnes
417 2495 476 2546 tres
497 2488 533 2546 ab
555 2489 631 2546 omni
652 2489 900 2549 administratione
918 2491 1075 2565 jussitque,
1102 2498 1134 2549 nt
1153 2493 1183 2550 in

47 2595 131 2664 spatio
152 2595 241 2653 tridui
264 2594 416 2652 discedant
436 2592 472 2652 ab
500 2593 570 2652 urbe
585 2591 609 2665 ι;
638 2611 724 2654 cansa
751 2600 795 2653 est
819 2601 938 2668 propter
964 2597 1089 2656 nefarias
1119 2596 1183 2656 libi-

48 2698 130 2772 dines
150 2705 270 2772 propter
291 2699 479 2772 expilationes
499 2705 586 2772 atque
608 2701 731 2772 rapinas.

116 2805 277 2864 Cardinalis
297 2803 460 2863 Morouusl
480 2805 586 2863 dicitur
607 2805 799 2878 degradatus,
834 2811 863 2862 et
890 2805 918 2862 in
948 2805 1090 2878 quandam
1117 2805 1184 2886 civi·
1219 2808 1224 2820 '

49 2915 127 2968 tatem
148 2911 317 2982 deportatus
339 2927 389 2969 seu
409 2910 564 2982 relegatus,
585 2907 924 2982 praestita'fidejnssiona
946 2909 1021 2982 quod
1041 2910 1107 2968 inde
1128 2927 1184 2969 non

50 3013 80 3070 ait-
98 3013 234 3072 abiturns.
505 3085 508 3092 Ι

117 3119 236 3176 Plurimi
264 3123 331 3176 sunt
351 3119 450 3177 Romae
479 3118 508 3175 in
537 3133 681 3176 carcerem
708 3123 826 3190 propter
855 3119 1034 3190 evangelium
1062 3119 1186 3190 conjecti

50 3221 319 3298 pluresqueRoinae,
341 3240 424 3296 quam
447 3225 475 3280 in
498 3223 556 3281 alia
575 3223 647 3280 urbe
668 3223 770 3281 ltaliae.

121 3327 209 3386 Totus
231 3333 276 3385 est
295 3327 325 3384 in
347 3328 400 3386 hoc
421 3327 516 3400 Papa,
543 3332 575 3385 ut
595 3345 708 3387 cursum
730 3329 872 3400 evangelii
893 3325 1042 3385 collibeat:
1071 3333 1185 3384 namet

606 3457 621 3488 ἦε

54 3559 172 3614 cardinal.
212 3562 278 3615 1551
310 3561 386 3632 lcgte
407 3565 445 3616 'er
470 3561 546 3616 seina
571 3561 676 3632 pariser
695 3561 775 3616 stelle
794 3561 890 3616 niedar
908 3577 940 3612 nu
959 3562 1079 3630 gnusten
1098 3558 1187 3614 seiuea

54 3647 222 3702 vernandten
241 3647 407 3702 Euataohius
427 3647 464 3700 dn
482 3647 581 3717 Bellay
598 3648 656 3701 und
681 3647 768 3718 gieng
793 3648 864 3702 nach
882 3647 968 3709 Rom,
995 3661 1038 3699 wo
1063 3662 1092 3700 er
1118 3645 1186 3699 15611

56 3730 126 3788 surb.
162 3733 187 3787 S.
208 3735 248 3788 br.
267 3753 293 3788 n.
313 3737 355 3788 75.

113 3821 125 3872 1
144 3821 213 3876 Paul
233 3821 273 3876 IV
292 3821 402 3878 (laralia
422 3823 502 3878 hatte
521 3823 597 3878 seina
616 3826 632 3878 3
651 3823 753 3886 neffen,
782 3823 836 3878 den
861 3821 942 3877 einen
962 3820 1027 3875 Oarl
1045 3837 1106 3872 aum
1125 3835 1185 3873 car·

58 3901 128 3971 dinal,
146 3908 198 3962 den
218 3909 326 3964 anderu
346 3929 407 3964 zum
426 3911 530 3981 herzog
547 3928 602 3965 von
620 3910 761 3974 Palliano,
789 3910 843 3964 den
864 3909 1000 3980 jiingsten
1028 3923 1088 3960 aum
1113 3922 1186 3960 mar-

58 3987 143 4048 cheaeu
161 4013 216 4050 von
234 3997 407 4053 Montebello
428 4000 561 4063 eruanut;
581 3998 621 4052 uls
641 4016 671 4053 er
689 3999 750 4052 ihre
768 3995 1029 4064 ausschweiinngeu
1048 3993 1106 4048 und
1124 4009 1185 4047 ver·

15 4101 18 4112 1
58 4071 163 4153 bruchen
181 4081 285 4147 erfnhr,
304 4084 390 4138 nahm
412 4101 442 4138 er
460 4083 547 4138 ihnen
567 4083 597 4138 in
616 4083 708 4138 ainem
726 4082 921 4139 consistorium
940 4083 973 4135 27
993 4081 1099 4136 Jauuar
1118 4079 1186 4134 1559

59 4158 108 4216 ihre
124 4168 233 4223 wiirden
253 4169 365 4225 abund
384 4171 501 4225 verwies
519 4169 558 4224 sie
576 4170 605 4223 in
624 4169 765 4224 entiernte
784 4167 965 4222 ortschadten.
996 4165 1061 4238 Vgl.
1079 4163 1185 4227 Barke,

60 4247 140 4306 valler
156 4255 210 4309 und
228 4255 336 4312 fdrshen
356 4277 384 4314 11.
402 4275 421 4312 a.
442 4276 475 4311 w.
494 4257 528 4320 Il,
548 4257 608 4311 304.

119 4338 208 4410 tvgr.
227 4361 254 4399 n.
274 4345 315 4400 20.
