2830 5072
61 401 113 457 itti
464 467 473 482 ο
566 407 628 468 279

57 580 108 634 tare
125 580 177 634 tum
196 571 345 647 reginam¹
365 580 427 632 tum
449 575 599 648 primores.
640 577 691 636 Ait
717 575 838 650 deinde,
852 575 1092 636 *illustrissimum
1113 575 1172 637 Do·

57 681 144 738 uiuum
162 678 425 751 wirtembergioum
447 679 476 738 in
497 683 643 755 precipua
662 681 721 741 illio
748 697 810 742 esse
838 681 1064 754 existimatione,
1095 681 1172 754 quod

55 789 135 841 sancte
162 781 289 844 affirmat.
338 785 456 858 Sperat,
488 801 519 843 se
540 786 707 860 propediem
735 803 770 846 so
801 787 973 846 rediturum.
1013 787 1108 844 Multa
1135 785 1171 844 dc

55 887 219 960 Ruscalono’,
240 890 338 964 quiin
359 889 509 950 Saxoniam
530 891 679 965 proiectus
700 900 745 952 est
767 891 811 968 (ut
831 888 944 967 icrunt)
965 897 995 950 et
1013 889 1172 950 illustrissi-

54 1010 114 1051 mum
133 993 286 1052 Palatinum
308 995 463 1054 electorem
489 1013 588 1056 rursus
615 998 760 1070 accepisse
791 997 867 1070 apud
897 1013 927 1055 se
955 1011 1021 1054 snas
1048 995 1171 1068 litteras,

55 1113 110 1170 quas
127 1099 183 1170 ipse
203 1098 378 1157 Ruscalonus
403 1101 479 1174 apud
500 1098 620 1158 lustrem
641 1101 784 1159 medicum
804 1101 972 1174 reliquerat.
1013 1101 1101 1158 Putat
1120 1115 1170 1157 au·

54 1207 99 1258 tenu
115 1203 278 1272 consultum,
307 1205 330 1261 si
353 1204 457 1263 Vestra
478 1203 626 1264 Oalsitudo
647 1221 713 1263 suas
734 1223 848 1280 quoque
868 1205 945 1280 apud
966 1223 997 1266 se
1017 1207 1172 1278 reciperet,

53 1322 108 1378 quas
125 1308 194 1381 apud
214 1308 338 1366 eundem
358 1307 478 1368 iratrsm
506 1310 548 1367 ait
575 1325 638 1369 esee
666 1309 805 1370 dimissas.
847 1311 980 1384 Denique
1010 1309 1172 1370 consultum

52 1417 130 1482 putat,
155 1414 178 1470 si
197 1430 232 1470 ex
253 1413 408 1472 Germania
428 1415 536 1486 legatio
557 1416 586 1473 in
608 1415 717 1474 Gallias
738 1413 774 1473 ob
795 1429 844 1474 eas
870 1431 970 1474 causas
997 1415 1171 1486 mitteretur,

51 1516 94 1573 imo
112 1522 196 1591 putat,
218 1535 282 1576 eum
303 1535 366 1578 esse
381 1519 435 1578 hoc
450 1525 580 1592 tempore
599 1519 773 1594 (praesertim
783 1525 903 1594 propter
914 1517 1100 1594 colloquium)
1120 1533 1171 1577 ne·

52 1622 196 1689 cessariam,
225 1623 357 1682 etiamsi
378 1641 451 1684 unus
472 1641 507 1684 ex
535 1623 712 1698 principibus
739 1625 896 1683 mittendus
922 1629 1013 1696 esset;
1044 1623 1172 1684 nominat

51 1731 142 1795 antem,
167 1729 281 1801 quinam
302 1728 416 1800 legatus
443 1727 503 1785 illic
530 1726 714 1786 desideretur
740 1727 842 1786 saltem
863 1744 880 1785 a
900 1727 1089 1798 primoribus,
1120 1726 1172 1786 sed

51 1845 93 1886 non
111 1830 187 1889 decet
207 1849 253 1890 me
274 1833 421 1890 nominare
442 1847 604 1904 personam,
626 1831 662 1889 de
684 1847 740 1906 qua
761 1832 905 1906 loquitur3
933 1834 998 1890 novi
1024 1832 1100 1889 enim
1119 1833 1172 1889 im·

52 1932 213 1992 herilitatem
235 1937 345 2009 ingenii
366 1936 431 2002 mei,
452 1943 483 1994 et
503 1953 547 1994 me
570 1950 632 1994 csse
653 1936 801 2008 indignum
822 1951 856 1994 eo
878 1937 957 2007 loco;
978 1943 1172 2008 preterquam

50 2038 109 2109 qnod
127 2056 212 2097 senex
232 2057 295 2098 sum
317 2046 347 2097 et
368 2040 611 2111 valetudinarius,
639 2040 690 2098 sed
718 2039 769 2098 liat
790 2039 921 2098 voluntas
942 2039 1065 2098 Domini.
1108 2039 1171 2112 Ego

49 2141 113 2199 nihili
131 2143 269 2214 iacerem,
290 2143 313 2202 sl
334 2145 363 2202 in
386 2145 487 2203 mediis
508 2144 670 2210 laboribus,
692 2161 763 2218 quos
783 2159 835 2218 pro
856 2143 971 2203 Christo
992 2159 1055 2202 meo
1076 2159 1171 2202 susce·

46 2244 145 2319 pissem,
173 2265 318 2320 morerer;
349 2256 460 2308 certum
481 2256 533 2320 est,
554 2251 641 2308 istum
661 2249 688 2307 d.
711 2247 882 2306 balduinum
904 2247 1011 2318 dicere,
1042 2263 1087 2306 me
1108 2247 1169 2306 iilic

47 2349 190 2425 desiderari,
212 2353 291 2428 quod
311 2353 419 2411 invitus
440 2355 577 2428 exprimo,
599 2353 650 2414 sed
672 2371 707 2412 ne
730 2353 798 2426 quid
820 2353 992 2423 omitterem,
1014 2352 1117 2411 scribo.

107 2456 170 2516 Haec
189 2456 251 2516 lere
281 2457 376 2530 capita
403 2457 522 2516 dictavit
550 2457 758 2516 d.13amuinns
789 2457 933 2517 scribente
964 2473 1028 2516 meo
1055 2462 1170 2531 nepote,

46 2562 213 2632 nequeenim
235 2578 323 2619 ausus
345 2569 389 2620 est
410 2543 462 2620 sud
482 2579 567 2620 manu
590 2577 719 2620 exarare.

106 2664 197 2724 Meum
220 2673 266 2724 est
286 2666 436 2725 consilium
457 2665 547 2741 (quod
568 2672 737 2746 reverenter
758 2663 836 2741 dico)
858 2672 890 2724 ut
911 2665 1015 2724 Vestra
1034 2665 1171 2724 Illustris·

45 2767 100 2825 simu
119 2769 264 2830 celsitudo
292 2772 446 2844 ipsummet
473 2771 500 2828 d.
530 2771 721 2841 Balduinum,
753 2773 800 2845 qul
826 2787 883 2828 nou
912 2775 956 2828 ost
981 2771 1066 2840 longe
1095 2769 1169 2841 binc,

44 2874 151 2947 audiret3
182 2893 279 2951 neque
295 2871 377 2936 'enim
398 2877 516 2935 dubium
537 2883 597 2946 est,
625 2875 702 2953 (ut)·
723 2875 880 2934 haberetur
900 2874 936 2932 ab
957 2889 992 2931 eo
1013 2875 1123 2932 certior
1141 2879 1172 2932 et

44 2977 137 3048 plenior
156 2979 325 3058 multaru[m
346 2979 478 3056 rerum]'’
498 2979 676 3048 informatio,
698 2985 728 3038 et
749 2996 812 3038 meo
832 2977 942 3051 judicio
963 2975 1120 3036 lucrifieret
1140 2983 1171 3035 ct

43 3079 242 3143 confirmaretur
270 3085 373 3156 bomo,
405 3083 428 3140 si
459 3099 522 3157 quae
550 3081 667 3141 sinistra
697 3081 732 3140 de
761 3099 796 3139 eo
817 3083 941 3155 suspicio
963 3087 1016 3141 est.
1057 3081 1171 3154 Cogitet

45 3181 209 3246 illustrissima
237 3186 386 3246 Celsitudo
408 3185 526 3256 Vestra,
558 3185 582 3243 si
603 3183 732 3244 fortassis
754 3185 913 3243 consultum
943 3187 1108 3257 videretur,
1139 3191 1172 3244 ut

43 3291 177 3350 scriberem
200 3310 256 3366 ego
278 3300 308 3352 et
328 3293 472 3352 mitterem
495 3292 608 3350 litteras
629 3309 682 3365 per
703 3291 876 3362 peculiarem
908 3291 1037 3350 nuntium
1067 3307 1101 3348 ac
1128 3291 1171 3348 di·

43 3406 125 3463 cerem,
146 3415 190 3457 me
212 3399 277 3471 ejus
293 3399 404 3455 litteras
424 3395 720 3455 GclsitudiniVestrae
739 3395 852 3454 dedisse
873 3404 960 3470 atque
981 3395 1086 3462 omnia,
1107 3411 1170 3469 quae

42 3512 91 3556 meo
109 3505 205 3576 nepoti
231 3503 370 3575 dixisset,
400 3503 494 3561 eidem
516 3501 688 3561 Celsitudini
710 3501 821 3560 Vestrae
842 3500 1045 3560 Illustrissimae
1066 3515 1171 3558 renuu-

43 3600 126 3674 tiassc,
152 3608 198 3665 cui
219 3609 384 3666 consultum
404 3607 513 3678 videri,
541 3615 573 3664 nt
594 3624 684 3680 usquc
705 3607 762 3664 huc
782 3613 928 3677 excurrat,
955 3611 1065 3664 utnon
1086 3602 1171 3661 modo

42 3703 93 3776 ista,
111 3726 172 3782 quae
193 3711 304 3785 scripta
323 3718 398 3783 suut,
420 3711 570 3770 confirmet
590 3709 630 3786 (si
651 3728 723 3784 opus
744 3711 822 3786 crit),
849 3711 978 3770 sedulia
998 3724 1120 3784 quoquc,
1141 3708 1172 3764 in

590 3833 605 3867 sti

100 3927 111 3977 l
131 3927 288 3982 Kathariua
308 3945 362 3983 vou
380 3927 491 3991 Medici,
511 3944 531 3981 s.
551 3945 578 3980 u.
597 3929 639 3980 81.

99 4013 278 4080 2Bascalon,
299 4033 348 4070 aus
367 4015 535 4070 uicderstem
555 4015 664 4078 stende,
683 4014 770 4068 durch
786 4013 831 4068 die
843 4012 947 4069 Guiseu
966 4029 1026 4066 zum
1046 4012 1074 4065 k.
1091 4010 1171 4065 kam·

43 4099 182 4156 merdiener
201 4103 326 4158 erhohen
338 4103 396 4156 und
409 4103 451 4156 als
463 4102 573 4157 solcher
587 4099 754 4156 manchfach
768 4100 957 4170 gebrauchter
967 4099 1055 4169 agent
1066 4097 1173 4152 Frank·

43 4183 117 4240 reichs
135 4187 180 4242 bei
199 4190 254 4244 den
281 4189 435 4244 deutschen
461 4188 561 4253 hdi'en;
590 4189 676 4242 durch
702 4187 753 4240 ihu
771 4187 867 4242 wurde
885 4188 930 4242 die
948 4187 1075 4254 seudung
1093 4185 1172 4239 deut·

42 4270 108 4326 soher
119 4275 270 4346 theologen
283 4276 356 4331 nach
369 4276 464 4344 Poissy
477 4274 642 4339 vermittelb,
661 4293 690 4330 er
702 4277 768 4342 brug
780 4273 852 4328 auch
867 4275 934 4329 1563
946 4274 988 4350 im¹
1003 4289 1106 4328 namen
1124 4271 1173 4325 der

41 4354 230 4418 bsumsischen
242 4363 393 4434 regiorung
404 4365 510 4432 herzog
521 4362 670 4433 christoph
683 4361 729 4414 die
742 4361 988 4416 statthalterstelle
999 4377 1054 4415 von
1064 4358 1171 4412 Frank·

42 4445 106 4500 reich
123 4466 165 4505 au.
203 4451 230 4504 S.
249 4451 344 4516 Reum,
365 4451 440 4506 Beue
459 4450 494 4515 ΙΙ,
513 4450 574 4506 sto.
610 4448 701 4506 stelin
721 4447 768 4514 IV,
789 4447 848 4504 ott.
885 4447 910 4504 S.
930 4447 970 4504 br.
989 4465 1015 4502 u.
1036 4445 1095 4503 rte.
