2830 5072
53 354 106 412 1531
555 359 618 421 269

50 525 152 599 solebat)
169 526 309 586 decretum
330 525 444 586 abillis
465 527 588 587 dominis
607 529 795 600 impetrarat,
817 543 853 588 nc
874 528 986 590 liceret.
1027 529 1091 600 ugo
1111 545 1165 588 uu·

48 639 93 690 tem
110 631 321 708 (qualiscumque
341 631 409 708 sim)
430 631 607 706 perfeceram
628 641 697 692 eote
723 640 788 692 octo
817 649 923 706 annos,
955 641 988 694 ut
1015 635 1162 694 decretum

46 747 208 810 revocaretur,
228 738 386 809 obprimes
406 739 531 797 omnium
553 740 626 812 cmpi
647 737 739 798 libore
760 739 929 811 praedicare,
951 745 996 798 est
1011 741 1088 798 enlm
1102 741 1163 798 illic

47 857 98 898 usus
110 832 342 916 Italiceeliuguae,
362 842 433 902 (lum
453 842 632 916 igituruium
653 844 818 902 stravissem
839 844 953 914 ceteris,
974 845 1068 916 palem
1088 859 1163 918 prm·

47 944 183 1018 dicabatur,
209 964 296 1018 nuuc,
323 947 394 1020 quid
419 948 564 1022 contigit?
605 948 716 1020 Cmsar,
746 948 896 1022 Philippus
924 956 954 1008 et
978 950 1163 1008 antichristus

47 1051 158 1110 miserunt
175 1052 211 1110 ad
228 1052 306 1124 ipsos
326 1052 456 1112 dominos
475 1053 594 1112 Rhaetos
615 1055 766 1122 homiuem,
788 1056 836 1127 qui
857 1069 908 1112 eos
928 1061 1052 1126 moneat,
1073 1061 1107 1114 ut
1127 1071 1163 1114 ex

46 1154 92 1225 ipsa
108 1155 174 1214 valle
194 1159 348 1230 projiciant
367 1163 482 1216 nostros
502 1160 729 1230 concionatores,
750 1159 919 1231 permittent
939 1165 1046 1232 autem,
1067 1168 1098 1219 ut
1111 1161 1162 1220 Jo-

46 1259 111 1318 mitis
128 1261 210 1320 liceat
230 1261 377 1330 habitere,
400 1269 429 1322 et
450 1263 565 1332 dicunt,
593 1281 624 1322 se
645 1264 699 1322 hoo
718 1270 819 1335 petere
840 1263 877 1320 ad
898 1264 1064 1324 instantiam
1085 1266 1160 1338 epis-

44 1367 92 1438 copi
109 1365 261 1436 (lonensis,
293 1369 343 1442 qui
363 1367 465 1427 solitus
485 1367 541 1427 fuit
559 1370 652 1442 ipsam
671 1370 774 1428 vellem
801 1369 907 1428 habore
936 1369 988 1428 sub
1014 1376 1067 1428 sue
1094 1387 1164 1430 cure

44 1468 77 1543 (ut
96 1471 169 1546 liri).
208 1473 294 1532 Multi
322 1474 495 1546 existimant,
524 1474 682 1547 Caesarem,
713 1475 877 1549 Philippum
902 1481 932 1533 et
952 1475 1162 1550 antichristum,

42 1575 140 1634 confisos
158 1580 287 1651 potentie
306 1595 445 1653 pagorum
466 1580 691 1653 Helvetioorum,
714 1581 762 1654 qul
783 1585 898 1640 stante
920 1579 1051 1653 pertibus
1065 1581 1163 1655 Papae,

43 1681 101 1751 apud
119 1699 184 1755 quos
203 1685 281 1744 idem
303 1683 383 1744 (lomi
404 1687 555 1759 episcopus
575 1687 704 1746 nuntium
725 1686 914 1760 apostolicum
935 1688 1010 1759 agit,
1039 1685 1163 1746 voluisse

44 1785 93 1843 binc
109 1788 208 1848 bellum
228 1791 380 1862 inchoare,
405 1793 567 1864 presertim
588 1809 653 1850 cum
673 1790 800 1850 habeant
820 1790 879 1848 illic
899 1791 934 1872 in
949 1792 1080 1864 proximo
1100 1792 1163 1852 Me'·

42 1890 172 1962 lioleuum,
196 1894 330 1966 Comum,
353 1894 500 1966 Parmam,
528 1894 707 1952 Placentiam
735 1899 764 1952 et
794 1893 852 1951 alia
879 1892 985 1965 oppida
1005 1893 1164 1967 opulentia,

41 1996 97 2053 uolo
114 1999 219 2070 possint
240 2001 401 2058 exercitum
421 1997 573 2070 colligere,
601 1999 762 2071 praesertim
789 1997 876 2056 ctiam
908 2015 973 2057 oum
1004 2015 1040 2058 ox
1068 1998 1163 2058 tribus

41 2097 173 2162 scleribus
194 2102 261 2179 (ipsi
282 2104 379 2162 Rhaati
398 2102 470 2175 ligas
491 2101 650 2177 appellent)
670 2117 757 2160 unum
785 2102 823 2160 sit
850 2101 958 2175 foedus,
987 2103 1064 2176 quod
1092 2121 1164 2164 nun-

41 2219 106 2273 quam
123 2209 210 2268 voluit
230 2209 381 2283 evangalio
402 2209 546 2268 assentiri.
587 2209 633 2266 llli
659 2225 730 2282 ergo
755 2215 816 2268 tres
843 2209 1006 2268 monarchae
1033 2211 1164 2284 adjutis

40 2309 184 2380 quibusdam
204 2316 304 2388 pagis,
326 2315 374 2388 qui
395 2320 461 2373 sunt
482 2314 528 2389 (ut
548 2312 620 2389 dixi)
641 2313 672 2372 iu
692 2313 828 2374 Heluetia
848 2319 879 2373 et
899 2313 935 2373 ab
956 2332 992 2374 aa
1011 2322 1093 2388 parte
1114 2332 1164 2390 pa·

39 2415 198 2494 pisticorun,
230 2436 296 2494 quae
325 2425 369 2478 est
393 2421 422 2478 in
443 2418 575 2489 Rhatta,
607 2419 743 2478 videntur
770 2418 845 2478 velle
873 2419 980 2478 ballum
1007 2420 1164 2495 susscipere.

39 2519 112 2581 llbmti
129 2526 255 2584 nondum
277 2525 358 2600 (ante
371 2526 399 2582 X
411 2525 485 2601 dies)
506 2541 677 2598 responsum
698 2525 849 2598 dederent,
867 2525 928 2598 jam
947 2531 1019 2599 puto
1040 2525 1163 2598 dedisse,

39 2631 60 2682 et
76 2644 163 2702 spero,
193 2647 243 2690 eos
272 2629 389 2690 fortiter
415 2636 445 2688 et
464 2631 591 2689 masculo
618 2629 819 2704 respondisse,
849 2631 971 2702 primum
1001 2632 1068 2704 quia
1097 2637 1165 2690 sunt

40 2729 171 2794 Christiani
193 2745 314 2796 otnero
332 2735 428 2794 fidunt
450 2737 521 2808 Deo,
545 2735 650 2796 deinde
672 2735 1008 2810 quievidentTipurum,
1029 2735 1163 2807 Bernam,

38 2833 174 2914 Besilcam,
207 2841 420 2901 Schaffhusium
449 2842 578 2914 aliosque
599 2846 736 2899 centones
757 2839 938 2912 evangelicos
958 2840 1014 2899 illis
1035 2857 1093 2899 non
1114 2841 1164 2901 de·

37 2938 135 3014 tuturos,
156 2953 260 3021 utpote
282 2945 596 3020 confoederatos..ligo
617 2948 642 3005 si
664 2963 756 3006 essem
776 2946 869 3004 minus
889 2944 979 3005 debili
989 2945 1164 3017 valetudine,

37 3060 208 3126 eocmrerem3
231 3069 298 3110 nam
319 3054 387 3120 scio,
409 3053 486 3125 quod
507 3051 614 3111 domiui
634 3052 730 3112 Rhmti
750 3069 796 3110 me
817 3057 915 3110 ament
935 3057 1023 3124 atque
1044 3049 1165 3110 audiant
1232 3124 1239 3132 .

37 3149 86 3225 (pro
104 3173 200 3216 eorum
221 3158 429 3235 humanitate);
458 3160 551 3218 sciunt
578 3161 664 3227 enim,
685 3155 781 3216 mein
802 3156 905 3216 vallem
926 3157 1057 3216 Telinam
1078 3173 1163 3216 evan·

38 3258 123 3327 pelium
142 3264 289 3322 invexisse
310 3261 359 3339 (ut
379 3263 459 3338 dixi).
491 3263 611 3335 Videbo,
639 3263 663 3321 si
687 3263 764 3321 intra
784 3262 896 3335 aliquot
915 3261 977 3320 dias
997 3261 1165 3321 meliuscule

39 3358 143 3426 habuero
163 3375 194 3428 et
214 3385 274 3427 non
295 3367 434 3438 omittam,
456 3366 525 3439 quin
545 3363 750 3453 aocedsm¹lsi
762 3363 901 3422 Dominus
915 3363 1062 3439 voluerit).
1089 3363 1165 3437 Scio,
1266 3349 1269 3358 ’

37 3469 89 3536 quil
106 3472 162 3532 illio
182 3473 309 3546 possim,
339 3469 404 3545 (per
423 3469 480 3528 Dei
500 3467 636 3544 gratiam)
656 3469 759 3527 saltem
780 3467 969 3540 praedicarem
990 3475 1021 3527 et
1041 3467 1078 3527 ed
1099 3485 1165 3528 con·

584 3566 598 3598 atr

35 3637 72 3692 dtr
86 3648 164 3714 papst
182 3645 243 3698 und
263 3645 312 3698 der
331 3644 420 3713 hbnig
439 3659 493 3697 von
512 3643 637 3712 Spauien
656 3641 803 3697 schiokteu
828 3636 891 3698 eine
912 3640 1099 3712 gemeinsame
1117 3659 1165 3712 ge·

35 3729 189 3788 saudtsohafb
207 3723 246 3790 an
266 3733 311 3787 dio
330 3735 346 3788 3
364 3733 468 3795 blinds,
487 3731 661 3787 Bernardino
673 3731 793 3787 Bianohi
812 3731 870 3785 und
889 3728 1067 3800 Gianangelo
1080 3727 1163 3794 Risui,

34 3815 122 3873 welche
141 3821 155 3873 7
174 3821 243 3876 Juni
266 3821 332 3875 1561
352 3822 382 3874 in
402 3819 475 3874 Ghur
494 3819 656 3875 ersohicusn
683 3820 740 3872 rond
768 3819 814 3874 die
832 3811 1017 3887 vertreihung
1035 3817 1083 3871 der
1101 3820 1165 3886 prta·

34 3901 160 3973 lihamen,
180 3910 227 3966 die
246 3926 344 3964 oensem
363 3908 430 3963 iiber
450 3907 494 3961 die
513 3907 626 3972 bilohcr,
646 3907 879 3977 stickersbatbung
892 3906 942 3959 der
955 3904 1165 3975 eingcaogenen

33 3994 112 4060 aiter,
137 3997 289 4066 mindung
316 3997 391 4050 eines
409 3994 700 4065 Jesuitcnoollegiums
718 3994 748 4048 in
768 3995 856 4050 Ponte
876 4012 901 4046 u.
921 4013 941 4046 s.
961 4011 994 4047 w.
1013 3991 1163 4056 fordorten,

34 4094 49 4130 s.
65 4081 104 4138 die
120 4083 309 4154 forderungeu
328 4101 356 4137 u.
370 4085 428 4138 133.
461 4083 510 4138 Die
524 4083 758 4152 verhandlungeu
776 4083 911 4137 dauerbeu
929 4081 973 4135 bis
992 4080 1063 4134 ende
1082 4079 1165 4143 1561;

33 4164 73 4220 der
87 4169 213 4226 bescheid
234 4172 283 4226 des
301 4173 418 4227 cantone
436 4171 543 4226 laubeie
567 4171 752 4234 verneineud‚
781 4169 852 4226 auch
878 4168 1022 4223 erlrlttrben
1046 4167 1095 4231 sie,
1114 4167 1164 4221 des

34 4258 110 4311 concil
127 4260 207 4315 nieht
225 4260 392 4316 besohiclrcn
413 4279 444 4313 au
463 4259 580 4323 wellen,
607 4277 628 4312 s.
648 4259 690 4314 Da
709 4259 794 4312 Porta
812 4257 856 4320 II,
882 4254 979 4310 36411.
1015 4254 1111 4338 Meyer
1129 4253 1164 4318 ll,

34 4339 117 4398 tltff.
153 4347 818 4420 vgt.n.122.130.131.133.134.135.191.
963 4342 965 4344 ’

94 4437 106 4487 1
125 4437 186 4490 Ersb
203 4437 365 4492 November
384 4435 450 4490 1561
470 4435 555 4489 reisbc
574 4451 604 4488 er
623 4433 744 4499 dorthin,
765 4451 784 4486 s.
804 4450 830 4485 n.
852 4431 910 4484 134.
954 4447 957 4454 ·
