2830 5078
1310 371 1356 430 lttt

228 544 284 605 nisi
304 550 337 603 ιιι
357 547 565 620 conjungamus
588 563 652 606 cnm
673 548 742 622 ipsis
769 554 883 607 nostras
909 564 1011 622 preces
1042 554 1072 608 ot
1097 550 1264 610 invocemus
1284 548 1359 608 Deru

227 657 340 725 patrem
361 651 469 710 domini
490 654 583 711 nostri
602 653 673 713 Jesu
695 653 818 725 Christi,
842 660 873 711 ut
894 652 1037 728 gubernet
1057 659 1171 713 mentes
1192 669 1309 726 eorum,
1327 657 1358 727 qni

227 753 257 814 in
278 756 336 814 illis
356 756 479 814 comitiis
504 759 694 831 convenient,
727 763 757 816 et
783 757 913 818 inflectat
940 775 989 816 eos
1017 758 1054 817 ad
1081 758 1222 818 salutaria
1250 758 1359 817 ecclesia

227 860 282 920 Dei
304 866 333 919 et
353 862 454 932 gloriae
474 863 596 920 nominis
618 865 682 936 ejus
703 865 830 922 consilia.
872 865 935 924 Rox
955 864 1045 922 multa
1059 864 1148 922 babet
1163 863 1359 937 impedimenta,

228 981 292 1038 qum
313 966 441 1037 obstant,
456 967 622 1040 ,quominus
644 967 804 1026 doctrinam
826 973 989 1026 nostrarum
1018 967 1206 1027 ecclesiarum
1233 973 1359 1042 agnoscat.

228 1069 375 1128 Orandnm
397 1070 487 1143 igitur
508 1077 569 1140 est,
590 1077 623 1129 ut
643 1073 722 1130 Deus
742 1072 798 1130 ista
818 1072 969 1132 obstacula
989 1089 1005 1130 e
1026 1073 1121 1131 medio
1142 1073 1228 1132 tollat
1248 1079 1277 1131 et
1299 1078 1360 1146 pate·

228 1171 314 1232 faciat
335 1177 397 1248 regi
417 1175 501 1249 viam,
523 1195 581 1250 qua
601 1185 682 1236 recta
701 1179 739 1237 ad
760 1179 953 1252 cognitionem
968 1179 1100 1238 veritatis
1112 1181 1272 1252 perveniat.
1300 1181 1360 1238 Bona
1407 1171 1408 1218 ἒ

229 1283 259 1336 et
279 1277 404 1340 feliciter
423 1282 528 1342 valete.

761 1525 853 1586 loos.

779 1685 825 1742 72.

532 1789 657 1876 Verger
681 1812 722 1855 an
746 1769 866 1876 hornog
889 1788 1074 1875 Christoph.

575 1903 726 1976 Thbingen
749 1907 766 1962 5
787 1904 920 1964 Februar
943 1887 1027 1962 1'559.

299 2001 414 2058 Schickt
433 2002 526 2074 einige
544 2003 663 2070 buchen
681 2003 807 2060 erinnert
824 2021 860 2060 an
880 2004 942 2060 aine
960 2003 1117 2060 bittschrift
1135 2003 1182 2059 bei
1194 2005 1360 2061 Maximih'on.

309 2099 504 2160 Illustrissime
526 2099 663 2174 Princeps
685 2107 714 2160 st
735 2101 856 2159 Domine
878 2103 1000 2159 Domine
1022 2100 1269 2161 clementissimo!

310 2203 397 2261 Mitto
418 2205 530 2276 aliquot
550 2203 664 2264 libellos
677 2207 782 2277 partim
796 2206 910 2274 latinos,
931 2207 1036 2276 partim
1047 2208 1237 2278 germanicos,
1259 2208 1282 2264 si
1303 2205 1360 2263 ioris

232 2307 403 2366 viderentur
424 2307 596 2368 Celsitudini
616 2309 729 2368 Vostrae
750 2325 806 2367 nou
827 2309 953 2383 indigni,
985 2310 1033 2380 qni
1061 2327 1125 2368 cnm
1153 2313 1214 2370 vita
1233 2311 1315 2369 Punli
1331 2308 1362 2366 ΙΙΙ

230 2411 267 2470 ad
299 2412 521 2472 illustrissimum
552 2411 761 2485 Bipontinnml
791 2414 984 2471 mitterentur.
1032 2411 1166 2484 Supplico
1197 2431 1251 2486 per
1280 2415 1361 2492 Jesun
1407 2492 1408 2495 Ἴ

230 2517 384 2590 Christum,
407 2525 438 2576 nt
460 2519 655 2577 illustrissima
675 2517 839 2576 Dominatio
851 2517 957 2575 Vestra
977 2515 1112 2588 dignetur
1131 2519 1294 2576 meminisse
1313 2519 1362 2589 ejus
1404 2541 1405 2576 ς

229 2622 461 2696 supplicationis,
483 2640 567 2696 quam
589 2623 704 2681 nomine
725 2623 887 2696 aliquorum
908 2620 1029 2699 fratrum
1051 2603 1222 2681 mittendam
1243 2623 1280 2682 ed
1299 2636 1362 2679 sere·

229 2727 376 2786 nissimum
397 2727 544 2786 Bobemiae
565 2743 662 2800 regem
684 2726 782 2786 dedit

309 2831 464 2891 Prodesset
494 2849 604 2899 causae,
636 2832 712 2906 qnod
744 2831 771 2890 d.
802 2831 925 2904 Ungnad
946 2829 973 2902 ⁸,
1005 2847 1089 2904 quem
1119 2831 1180 2889 scio
1210 2831 1275 2890 istic
1303 2843 1361 2899 esse,
1406 2903 1407 2910 ἵ

230 2935 354 3009 impulsu
385 2935 570 2996 celsitudinis
588 2935 710 2996 *Vestrae
740 2937 777 2994 ad
808 2937 835 2994 d.
867 2937 1059 3008 Ludovicnm,
1098 2937 1160 3008 ejus
1191 2935 1297 3008 filium,
1324 2950 1362 2991 ea-

231 3039 295 3096 dem
318 3039 353 3096 de
374 3055 406 3097 ro
427 3039 583 3111 scriberet,
615 3045 647 3096 ut
674 3039 785 3098 scilicet
804 3047 973 3113 procuraret
1001 3041 1163 3112 negotium3
1199 3041 1284 3098 audio
1310 3053 1363 3096 eun
1405 3091 1406 3094 ,

230 3145 327 3201 statim
348 3160 384 3202 ex
401 3143 569 3216 Stutgardia
589 3144 742 3202 missurum
763 3161 826 3204 csse
846 3145 995 3218 proprium
1016 3145 1160 3203 hominem
1181 3147 1210 3203 in
1223 3145 1361 3205 Austrian.

232 3243 371 3303 Consului
393 3263 428 3303 ox
455 3247 584 3318 podagra
612 3246 785 3320 celebroque
813 3247 998 3307 bacchanalia
1025 3250 1102 3307 inter
1128 3265 1209 3308 meos
1235 3250 1315 3307 libros
1339 3253 1363 3302 et
1405 3271 1406 3334 ι

230 3365 294 3406 cum
316 3349 430 3409 domino
452 3356 549 3409 nostro
571 3350 640 3409 Jesu
663 3351 784 3419 (ibristo,
806 3353 869 3410 Deo
890 3355 991 3422 gratia.
1405 3337 1406 3364 ³

311 3454 484 3512 Commendo
505 3473 551 3514 me
572 3464 741 3516 reverenter
761 3457 964 3516 illustrissima
985 3457 1159 3517 celsitudini
1180 3459 1296 3516 Vestra.

305 3559 449 3631 ,Tubingae
470 3559 571 3632 quitata
591 3559 746 3617 Februarii
770 3561 853 3618 1559.

386 3663 592 3722 illustrissimae
614 3664 800 3724 Oelsitndinis
823 3665 933 3724 Vestrae
954 3664 1224 3724 observantissimus

1064 3843 1066 3850 Ι
1133 3769 1292 3842 Vergerius.
1404 3775 1405 3792 ¹

302 3897 362 3952 IS.
381 3898 423 3952 br.
441 3915 468 3952 n.
488 3900 530 3953 17.

300 3986 317 4039 2
334 3986 370 4039 Es
387 3985 424 4040 ist
442 3985 522 4042 nicht
540 4003 612 4058 gana
631 3985 710 4050 klar,
736 3985 787 4042 auf
801 3985 908 4040 welche
934 3983 1007 4064 bitte
1027 3985 1147 4056 Vergsrs
1172 3984 1230 4039 sich
1253 3981 1301 4036 diss
1317 3976 1359 4030 be·

231 4070 319 4136 nieht;
346 4071 376 4126 in
396 4071 496 4128 hebrei
514 4073 565 4138 IX,
590 4073 639 4127 156
658 4073 784 4128 schreibt
802 4071 994 4137 Maximilian,
1019 4087 1049 4128 er
1072 4071 1147 4128 habe
1166 4071 1215 4128 das
1231 4063 1359 4124 schreiben

232 4158 394 4231 Chrisiopbs
413 4178 476 4216 vom
497 4163 514 4216 5
531 4161 656 4216 Februar
675 4161 704 4215 in
722 4159 826 4216 botreff
841 4161 891 4216 der
908 4178 1018 4225 armen,
1038 4158 1229 4216 vertriebenen
1246 4153 1357 4247 Christos

231 4264 281 4302 aus
301 4246 406 4302 italien
425 4247 553 4303 erhalten
572 4248 630 4302 und
648 4266 676 4304 es
694 4249 773 4304 stobe
792 4247 878 4303 ihnen
896 4247 962 4312 frei,
986 4247 1044 4304 sich
1068 4247 1254 4318 ungohindert
1267 4241 1295 4295 in
1309 4253 1356 4291 ser·

231 4352 296 4391 nom
313 4335 390 4390 reich
408 4334 641 4392 niaderauIasssn.

234 4425 236 4428 ’
301 4425 317 4482 3
336 4422 402 4495 Vgl.
423 4440 450 4476 n.
469 4423 511 4476 30.
