2830 5072
772 376 835 437 308
1307 374 1356 428 llll

457 541 662 600 Illustrissimae
683 541 871 603 Gelsitudinis
892 543 1004 604 Vestrae
1026 546 1152 606 servitor
1193 559 1196 569 ·

1135 635 1297 723 Vergerius.

769 907 834 965 135.
897 898 902 912 “

473 1069 488 1094 ι
524 1036 649 1122 Verger
671 1057 713 1100 un
738 1036 860 1123 herzog
883 1037 1069 1124 Christoph.

560 1165 711 1241 Tdbingeu
734 1172 752 1225 4
773 1169 936 1228 December
958 1171 1041 1228 1561.

297 1289 414 1346 Schiolrt
432 1288 513 1342 einen
532 1288 658 1343 briefen
678 1288 723 1344 die
742 1289 876 1362 heraogin
894 1309 948 1346 von
967 1292 1098 1356 Ferrsra;
1118 1291 1170 1346 het
1188 1291 1283 1347 immet
1298 1292 1355 1346 noch

227 1389 272 1444 die
299 1386 424 1450 ebricht,
459 1385 602 1440 antweder
628 1386 701 1438 nach
727 1385 900 1442 Frnnkreich
928 1388 994 1442 oder
1022 1388 1093 1443 nach
1121 1387 1306 1442 Greubilnden
1334 1405 1356 1439 au

227 1484 325 1552 gehen.

305 1597 501 1656 Illustrissime
523 1598 661 1672 Princeps
682 1606 713 1657 et
732 1601 856 1659 Domine
877 1601 1000 1660 Domine
1023 1601 1264 1662 elementissimo!

305 1703 410 1761 Vestra
425 1702 623 1762 illustrissime
638 1699 788 1760 Gelaitudo
804 1718 868 1760 curn
882 1703 911 1760 in
923 1703 1043 1763 Gelliam
1063 1705 1221 1777 scripserit,
1242 1703 1356 1776 dignetur

227 1798 279 1866 lues
300 1823 391 1876 mess,
419 1825 489 1882 ques
510 1808 593 1866 mitto
613 1807 739 1879 litteras,
765 1807 805 1865 ad
824 1807 966 1867 ducissam
986 1808 1154 1867 Ferrariae¹
1174 1826 1232 1868 uns
1251 1809 1355 1867 mittere.

303 1912 390 1971 Mene
411 1911 476 1972 misi
497 1912 671 1986 peculiarem
693 1912 825 1970 unutium
852 1913 888 1971 ed
911 1913 1089 1972 Dorienses’
1109 1921 1139 1972 et
1159 1913 1356 1982 Lindevieuses

225 2024 257 2076 ut
271 2017 371 2089 scient,
392 2033 422 2075 se
438 2016 575 2075 allestra
585 2017 784 2075 Illustrissims
799 2017 977 2078 Galsitudine
992 2033 1049 2076 non
1070 2020 1226 2088 contemni,
1247 2024 1277 2076 et
1295 2022 1356 2090 puto,
1395 2081 1396 2092 χ

224 2139 269 2182 me
290 2121 391 2181 dextre
412 2121 570 2195 scripsisse,
592 2121 660 2178 dum
681 2119 813 2180 fortassis
834 2123 956 2194 ipsemet
976 2123 1092 2194 scribut,
1115 2125 1139 2180 si
1161 2121 1327 2196 dignabitur.

301 2226 388 2285 Mitto
410 2227 585 2298 memoriale,
608 2225 683 2299 quod
705 2227 755 2284 ills
776 2227 894 2299 dignate
915 2234 958 2286 est
979 2228 1047 2285 milui
1070 2228 1176 2300 dicere,
1201 2233 1235 2286 ut
1251 2225 1354 2286 conscri-

224 2331 322 2390 berem
343 2346 396 2404 pro
417 2329 541 2402 quodum
562 2345 652 2402 puero
666 2327 684 2386 ⁸.

302 2433 503 2508 Exspectabo,
536 2440 568 2491 ut
588 2435 693 2492 Vestra
714 2433 911 2493 Illustrissims
932 2434 1079 2494 Oelsitudo
1105 2436 1239 2494 remittet
1265 2436 1298 2493 ed
1320 2449 1354 2491 ne

223 2539 328 2598 librum
348 2553 442 2596 meum
463 2539 686 2613 manuscriptum
709 2539 744 2597 de
766 2540 887 2598 concilio
898 2540 919 2611 ⁴,
941 2557 992 2598 suo
1013 2541 1124 2598 scilicet
1144 2540 1298 2600 commodo.

184 2635 190 2647 ’
303 2645 389 2704 Oravl
409 2645 527 2703 Patrem
548 2645 704 2716 coelestem,
726 2647 774 2718 qui
796 2661 840 2703 me
861 2645 914 2703 suo
935 2645 1039 2718 spiritu
1059 2653 1209 2718 moneret,
1239 2663 1300 2704 nuru
1317 2659 1352 2700 rc·

223 2765 292 2808 vers
312 2757 388 2810 esset
407 2750 476 2808 milui
496 2749 525 2807 iu
548 2749 695 2810 Gelliam⁶
715 2749 855 2820 eundum,
886 2749 1003 2809 taudem
1029 2750 1185 2820 constitui,
1218 2767 1262 2808 me
1282 2749 1350 2817 velle,

222 2870 402 2928 quocumque
421 2870 467 2912 me
488 2861 571 2912 voest
592 2854 718 2914 coelestis
738 2855 836 2924 Pater,
858 2854 1000 2928 proticisci
1020 2871 1072 2927 pro
1092 2857 1186 2930 gloria
1208 2858 1277 2928 ojus.

301 2957 330 3017 Si
352 2965 420 3018 vero
441 2957 558 3032 aliquod
579 2957 724 3017 videbitur
744 2975 885 3030 apparere
898 2959 1141 3038 impedimentum,
1164 2958 1302 3018 conferam
1315 2973 1352 3013 nuc

222 3065 347 3123 libenter
366 3063 394 3120 in
416 3063 571 3134 Rbaetiem,
600 3062 649 3120 ubi
670 3063 883 3131 animadverto,
910 3080 955 3120 me
975 3079 1058 3136 posse
1080 3065 1178 3123 multis
1198 3065 1285 3123 modis
1302 3077 1352 3119 ser·

221 3170 282 3226 vire
303 3166 433 3226 ecclesiae
453 3183 505 3238 per
525 3167 636 3240 aliquot
658 3183 779 3226 rurenses.
812 3166 987 3226 Commendo
1008 3183 1054 3225 me
1072 3174 1244 3226 reverenter
1260 3167 1353 3224 Vestrae

220 3260 427 3330 illustrissimae
458 3269 641 3328 Celsitudini.
682 3271 817 3332 Goelestis
844 3271 933 3329 Pater
960 3279 1065 3344 augeat
1092 3271 1134 3329 illi
1164 3289 1233 3330 suos
1258 3269 1352 3329 divinos

221 3375 382 3454 thesauros,
404 3374 536 3448 spiritum
557 3381 587 3433 ct
607 3373 693 3432 fidem
713 3391 766 3447 per
788 3375 932 3434 Christum
955 3375 1100 3434 dominum
1122 3382 1260 3436 nostrum.

300 3479 406 3538 Datum
427 3478 567 3552 Tubingae
588 3483 606 3536 4
627 3477 795 3539 Decembris
820 3482 902 3538 1561.

448 3583 560 3642 Vestrne
581 3585 786 3644 Illustrlssimae
808 3585 993 3644 celsitudinis
1014 3585 1139 3642 servitor
1177 3626 1181 3634 .

1124 3689 1282 3761 Vergcrius.

788 3813 803 3845 ’l‘

291 3887 304 3939 l
325 3884 351 3937 S.
370 3901 397 3938 n.
416 3885 432 3938 2
452 3885 509 3938 und
531 3887 590 3942 136.

289 3972 305 4024 2
324 3970 350 4024 S.
370 3991 396 4026 n.
417 3975 466 4027 115
486 3973 545 4026 und
565 3977 623 4030 134.

287 4060 304 4110 3
322 4057 374 4112 Die
392 4060 639 4132 randbemerkung
657 4079 711 4116 von
725 4063 827 4132 herzog
841 4063 990 4134 Christopb
1008 4084 1040 4118 zu
1060 4065 1135 4120 brief
1152 4065 1199 4118 136
1218 4063 1272 4134 gibt
1288 4060 1347 4113 dar·

218 4143 269 4197 suf
284 4147 414 4201 antwort.
1125 4197 1127 4199 .

285 4232 347 4287 48.
368 4251 395 4286 n.
416 4234 474 4288 128.

287 4322 301 4371 5
322 4319 349 4373 S.
370 4337 396 4374 n.
419 4321 468 4374 127
488 4320 515 4374 ff.
