2862 5080
95 373 155 429 lucc
626 379 687 438 379

90 549 132 621 uqi
151 547 186 607 do
206 564 295 622 poce,
325 565 409 622 qnam
435 565 491 608 non
513 546 614 607 dubito
635 561 830 606 successuram
852 543 965 604 sublato
985 545 1096 606 scilicet
1115 545 1167 606 illo
1188 547 1231 606 in·

89 653 162 724 genti
181 651 358 712 adversario.

160 756 276 815 Interes
296 771 365 814 vcro
386 755 452 814 dum
474 771 530 827 pax
550 755 694 814 constabit
712 756 742 813 in
762 757 825 828 ipsc
846 753 953 827 Gallia,
975 755 1232 815 commodissimum

88 861 140 920 erit
157 865 278 933 tempus,
300 877 357 934 quo
378 859 456 920 inter
475 859 547 918 illud
568 876 688 932 rognum
710 865 739 918 et
756 858 962 920 illustrissimos
976 859 1138 920 Germcuim
1150 861 1229 934 prin·

88 965 161 1039 cipes
188 971 218 1024 et
238 966 371 1024 Vestrum
394 963 600 1024 eelsitudinem
632 963 794 1036 prmsortim
825 967 928 1036 uqutur
955 964 991 1024 de
1019 965 1175 1025 concordia
1200 967 1229 1024 iu

85 1069 227 1144 religiono.
271 1069 333 1143 Ego
354 1084 448 1141 spero,
472 1085 516 1126 nne
538 1085 602 1128 esse
622 1075 681 1128 tum
702 1067 869 1136 robustum,
890 1075 923 1126 ut
943 1067 1036 1128 adlruc
1056 1069 1163 1142 possim
1183 1085 1229 1128 re·

85 1175 173 1248 pinum
193 1173 287 1246 adire,
309 1179 339 1232 et
360 1178 505 1247 tamquam
526 1173 616 1232 ltulus
637 1188 701 1232 moa
728 1173 820 1247 ipsius
846 1175 946 1246 lingua
972 1189 1059 1247 agere
1085 1189 1150 1232 cum
1177 1173 1229 1232 illu

86 1277 119 1337 de
137 1295 168 1338 rc
188 1281 263 1338 tanti
285 1279 431 1346 momenti,
453 1293 506 1338 noe
526 1275 706 1346 dubitcrom,
727 1278 795 1351 quin
816 1276 925 1350 aliquid
945 1293 1058 1352 possem
1078 1275 1229 1351 proficere,

84 1383 105 1441 si
124 1399 168 1441 me
188 1385 308 1456 spiritus
328 1381 443 1442 Domini
461 1383 579 1456 iuverit.
622 1382 718 1456 Quare
738 1381 938 1442 illustrissima
958 1381 1107 1442 celsitudo
1122 1382 1229 1440 Vestra

83 1488 212 1561 dignetur
233 1488 288 1548 boo
307 1489 336 1546 in
357 1489 495 1548 momoria
515 1486 636 1558 bubere;
669 1503 731 1548 sum
752 1487 827 1544 enirn
844 1493 970 1560 paratus,
992 1485 1228 1561 quandocumque

85 1591 198 1651 libuerit
218 1591 286 1668 (per
307 1591 362 1650 Dei
383 1587 520 1666 gloriam)
548 1595 578 1648 et
598 1605 683 1664 spero
705 1587 750 1664 (ut
771 1588 843 1664 dixi)
865 1589 990 1664 aliquid;
1020 1593 1091 1650 eatis
1111 1591 1228 1652 dictum.

156 1695 310 1755 Famulum
332 1712 425 1754 mcum
436 1696 501 1754 misi
514 1693 674 1754 Venetias¹
694 1710 759 1753 oum
779 1695 885 1755 litteris
897 1695 1008 1754 Vostrae
1025 1695 1228 1755 illustrissime

84 1798 278 1872 Celsitudinis‚
299 1805 435 1874 exspecto
456 1799 581 1858 reditum
602 1799 679 1858 intrc
700 1814 826 1858 mensum
846 1796 927 1870 fere,
948 1815 983 1858 ac
1004 1816 1060 1858 non
1081 1799 1166 1860 modo
1192 1800 1229 1860 de

83 1920 163 1962 causa
182 1905 299 1978 nepotis
320 1904 394 1964 boue
414 1919 510 1977 spero,
532 1919 630 1962 rerum
655 1903 742 1962 ctiam
770 1919 814 1962 mo
841 1886 1055 1963 intellecturum
1084 1905 1120 1964 do
1141 1904 1229 1966 rebus

81 2007 184 2067 italicis
206 2007 308 2078 multo,
330 2009 406 2081 quod
427 2007 464 2067 ad
484 2007 654 2080 religionem
675 2008 789 2068 attinet.

156 2114 223 2172 Non
247 2113 356 2186 dubito,
378 2113 446 2188 quin
461 2113 657 2172 illustrissimo
674 2113 823 2172 celsitudo
835 2113 950 2184 Vestra,
971 2117 1073 2188 utpote
1094 2131 1158 2188 quae
1178 2129 1226 2172 ve·

82 2235 137 2276 ram
158 2217 248 2276 fidem
269 2217 364 2277 hausit
386 2223 415 2278 et
435 2219 538 2294 spiritu
551 2219 606 2276 Ilei
626 2217 757 2290 ducatur,
778 2216 871 2292 possit
890 2217 998 2293 aliquid
1018 2218 1095 2292 apud
1114 2224 1226 2292 patrem

79 2321 182 2382 domini
203 2325 296 2382 nostri
318 2323 387 2381 desa
410 2322 515 2382 Christi
537 2330 567 2381 et
589 2327 717 2382 nostrum
738 2329 864 2396 patrem,
893 2339 982 2396 quere
1003 2324 1125 2397 supplex
1145 2339 1224 2400 rogo,

79 2434 108 2486 ut
121 2445 165 2488 me
181 2427 288 2488 diviuae
306 2446 365 2487 enee
380 2431 523 2502 majestati
537 2430 567 2488 iu
583 2430 641 2488 suis
656 2429 790 2502 precibus
802 2428 990 2502 commendet,
1011 2435 1044 2488 ut
1058 2445 1103 2488 me
1116 2429 1225 2486 Vestrae

80 2531 251 2592 Celsitudiui
272 2533 448 2592 commendo.

151 2639 294 2710 Tubingae
314 2638 387 2696 XIX
406 2637 506 2696 Martii
531 2635 613 2695 1563.

305 2743 509 2802 illustrissima
530 2742 719 2804 celsitudinis
740 2744 852 2802 Vestrue
872 2743 999 2804 servitor

979 2847 1146 2920 Vcrgerius.

605 3119 693 3174 liba.

580 3244 720 3334 Beilcge.

140 3373 269 3443 Concept
287 3373 363 3430 ciues
390 3373 506 3439 briolea,
536 3373 587 3428 wie
613 3375 715 3448 herzog
735 3375 885 3447 Chrislopln
911 3395 948 3432 uu
974 3376 1027 3432 deu
1053 3376 1145 3446 dogen
1169 3393 1222 3432 rou

76 3467 204 3538 Venedig
223 3467 370 3522 schreiben
389 3467 500 3522 mdchte
518 3484 616 3538 wcgen
637 3468 755 3538 Vergcrs
774 3469 864 3526 uellem
883 3471 1009 3542 Ludwig.

148 3566 277 3624 illustris
308 3565 448 3626 Domine!
498 3566 646 3640 Principes
677 3569 706 3624 in
739 3584 802 3628 eam
834 3570 955 3630 maxime
986 3587 1084 3630 curum
1114 3572 1221 3631 incum-

74 3667 138 3729 bere
161 3669 280 3742 debeut,
302 3675 333 3728 ut
352 3671 430 3728 inter
451 3670 577 3732 ditiones
598 3674 675 3730 ultro
698 3675 830 3746 citroque
852 3673 986 3734 amicitiae
1006 3682 1222 3748 conserventur,

73 3774 146 3845 quod
163 3773 227 3845 fiet,
247 3774 271 3832 si
285 3791 384 3833 omnes
399 3791 493 3834 cuusae
507 3783 684 3848 resecentur,
706 3777 893 3851 quamobrem
904 3787 1043 3840 consueta
1052 3779 1222 3840 commercia

73 3893 125 3936 non
146 3880 298 3938 tollantur.
328 3879 373 3938 Ea
387 3896 434 3940 res
444 3897 495 3940 nos
510 3881 631 3954 inpulit,
648 3888 680 3940 ut
691 3883 813 3942 unncud
825 3883 957 3944 Vestram
967 3884 1112 3944 Illustrem
1124 3885 1223 3944 Domi·

72 3984 217 4042 natmuem
230 3983 345 4042 litteras
358 3983 501 4044 daremus.
523 3986 601 4044 Vivit
615 3987 691 4061 opud
707 4004 759 4046 nos
774 3987 801 4046 d.
818 3989 922 4049 Petrus
937 3989 1045 4050 Paulus
1057 3989 1222 4064 vergerius,

72 4088 136 4148 olim
157 4089 310 4162 episcopus
331 4092 535 4165 Justinopclis‚
557 4110 631 4152 nunc
652 4098 752 4153 nostor
772 4075 962 4154 consiliarius.
1003 4095 1076 4154 Sunt
1096 4094 1139 4154 illi
1160 4094 1218 4154 dno

638 4225 653 4258 'l‘

142 4322 155 4374 l
176 4322 215 4376 Er
233 4321 299 4377 hiell
318 4321 476 4378 Venturiuo
495 4323 672 4389 Menuoriu03
699 4324 753 4380 den
777 4325 818 4380 br.
836 4343 858 4380 s.
877 4343 904 4379 u.
924 4327 974 4382 176
982 4342 1006 4381 n.
1043 4326 1099 4381 Der
1125 4325 1221 4382 diener

73 4407 171 4464 kehrbe
191 4409 259 4463 Juui
278 4409 380 4466 wieder
398 4429 431 4465 zu
450 4410 558 4481 Verger
576 4410 688 4477 zurbcln,
710 4429 731 4468 s.
751 4430 777 4466 ιι.
799 4412 857 4468 184.
