2862 5080
786 373 847 440 392

317 546 396 617 Zeigt
414 544 489 602 coine
508 546 648 602 ruobbebr
667 564 711 602 an.

319 651 515 712 illustrissime
535 653 673 727 Princeps
694 657 724 710 et
745 652 866 712 Domine
887 651 1010 711 Domine
1032 653 1272 714 clementissima!

319 757 404 816 Redii
425 755 583 829 Tubingam
604 755 667 814 beri
688 753 802 813 demum
822 755 852 812 in
873 755 987 814 nomine
1004 753 1130 828 Domini,
1151 771 1206 814 nec
1226 761 1313 814 tamen
1331 773 1364 814 us

242 875 327 936 quam
353 862 411 920 lavi
437 863 614 934 papistarnm
635 875 731 919 cansa.
770 859 876 919 Pareat
903 860 960 918 illis
981 859 1127 918 Dominus.
1169 859 1268 919 Dicam
1290 876 1365 919 curan

242 981 365 1026 oausam.
405 965 490 1024 Redii
514 972 610 1026 tamon
638 963 700 1024 iere
728 966 821 1023 minus
841 965 916 1023 male
943 964 1060 1036 babens,
1089 981 1174 1039 quam
1195 981 1312 1038 unquam
1329 965 1366 1023 ha·

241 1069 363 1129 buenim.
403 1070 474 1129 Hmc
504 1075 548 1128 est
575 1069 708 1128 voluntas
736 1069 860 1128 Domini.
902 1069 988 1128 Volui
1015 1067 1191 1142 significasse
1220 1086 1308 1129 meum
1329 1070 1366 1127 ad·

243 1175 575 1236 ventnmlllustrissimae
595 1173 765 1232 Gelsitudini
782 1173 900 1232 Vestrae.
932 1173 1022 1248 Spero
1043 1181 1148 1247 antem,
1169 1189 1216 1233 me
1237 1172 1367 1232 affutnmm

241 1282 319 1340 intra
341 1295 447 1354 paucos
474 1281 554 1352 dics,
587 1279 611 1338 si
632 1279 772 1338 Dominus
798 1281 942 1349 voluerit,
972 1281 1147 1340 recitaturus
1173 1273 1236 1340 baec
1255 1285 1284 1338 et
1300 1279 1367 1351 longe

242 1385 326 1459 plura
346 1389 433 1458 atquo
454 1383 520 1445 alie.
1223 1459 1228 1468 ·

322 1488 443 1547 Interim
460 1497 631 1549 reverenter
642 1495 719 1561 pcto,
742 1495 776 1547 ιιι
788 1487 937 1546 celsitudo
951 1487 1056 1547 Vestra
1069 1487 1205 1562 dignetur
1215 1487 1283 1547 mibi
1300 1486 1368 1560 signi·

242 1593 344 1664 ficare,
375 1609 411 1652 an
440 1593 509 1667 quid
536 1594 698 1653 litterarum
727 1591 862 1653 habuerit
886 1609 904 1652 a
924 1592 1108 1653 serenissimo
1135 1593 1326 1652 Maximiliano
1346 1592 1368 1648 in

243 1713 343 1770 cause,
372 1715 437 1773 qum
456 1713 502 1756 me
522 1703 637 1772 tangam
666 1696 696 1754 in
717 1695 829 1756 duabus
849 1695 924 1756 enim
953 1697 1185 1772 exspectabatur.
1226 1694 1369 1769 Necplure

244 1799 353 1871 babeo,
380 1819 443 1877 quae
464 1819 521 1862 non
542 1800 673 1862 scribam.
715 1799 890 1860 Commendo
917 1817 962 1860 me
989 1807 1161 1861 reverenter
1188 1801 1368 1861 illustrissima

244 1905 416 1967 Oelsitudini
429 1903 549 1966 Vestrae.
580 1905 669 1965 Pater
690 1906 816 1966 coelestis
836 1913 942 1981 augeat
962 1905 1005 1965 illi
1020 1921 1087 1964 suos
1101 1903 1214 1965 divinos
1233 1906 1368 1972 thesauros

243 2011 372 2083 spiritum
395 2016 426 2070 et
445 2007 530 2070 fidem
551 2025 603 2082 per
623 2009 769 2069 (liciatum
789 2009 934 2068 dominum
955 2017 1094 2070 nostrum.

321 2115 461 2189 Tubingae
482 2113 519 2174 29
540 2115 612 2174 Jnlti
632 2131 708 2174 anno
728 2113 844 2174 Domini
865 2113 1031 2173 MDLXIII.

484 2219 687 2278 illustrissimae
708 2219 894 2279 Oebitudinia
914 2220 1027 2280 Vestrae
1047 2236 1147 2280 servus

1150 2325 1310 2398 Vergerins.

789 2587 853 2643 186.

338 2713 717 2780 Dediketionsschreiben
740 2711 880 2799 Vargers
907 2735 948 2779 an
973 2714 1092 2800 herzog
1114 2712 1299 2800 christoph.

313 2831 389 2900 iiber
407 2845 462 2900 den
481 2845 494 2899 Ι
513 2845 589 2928 bend
608 2844 698 2901 seiner
717 2843 920 2916 geaammelieu
939 2843 1040 2899 werke.

314 2937 393 2994 Ohue
411 2929 602 2994 unbemcbrili.
639 2939 740 2994 Datum
762 2939 872 3008 August
892 2939 967 2994 1563.

321 3053 519 3113 illustrissimo
539 3053 790 3114 Excellentissimo
811 3061 841 3114 et
861 3071 929 3114 vere
951 3054 1115 3116 Christiano
1136 3055 1264 3130 Principi
1283 3060 1310 3115 et
1326 3053 1369 3112 tlo-
1414 3099 1415 3112 t

244 3160 320 3218 mino
347 3159 470 3219 Domino
497 3157 703 3233 christophoro
732 3159 805 3218 Duci
827 3159 1146 3233 wirtembergeueinm
1174 3161 1311 3220 Tekeensi
1328 3161 1367 3217 ele.

243 3262 561 3337 Montispeligardensis
582 3265 704 3324 Domino
725 3265 848 3324 Domino
870 3264 1116 3324 clementissimo!

323 3369 457 3440 Magnam
478 3375 591 3444 partem
612 3385 710 3428 earnm
731 3385 845 3442 rerum,
871 3387 941 3444 quas
962 3370 1052 3429 latine
1073 3370 1185 3442 scripsi,
1205 3375 1368 3443 posteaquam
1413 3425 1414 3436 ,

244 3490 262 3532 a
282 3479 391 3546 papatu
412 3473 521 3544 resilui,
543 3473 647 3547 collegi
667 3481 755 3548 atque
777 3475 832 3534 edo
851 3473 904 3534 sub
923 3475 964 3534 tui
978 3475 1100 3533 nominis
1116 3470 1368 3534 felicissimututela.

245 3575 309 3636 Scio
332 3575 462 3650 quidem,
483 3595 528 3636 me
548 3595 648 3652 parum
671 3579 800 3652 poluisse
821 3577 977 3652 proficere,
998 3595 1157 3653 parumque
1179 3580 1270 3654 ipsum
1288 3575 1368 3635 debili·

243 3688 320 3742 tasse
341 3688 486 3755 papatum.
527 3683 585 3740 Sed
606 3689 702 3741 tamen
723 3685 793 3742 satis
813 3685 928 3757 putavi,
956 3685 980 3742 si
1001 3684 1102 3742 saltem
1123 3699 1226 3742 noman
1248 3683 1367 3742 dedissem
1412 3701 1413 3758 }

243 3803 337 3846 meum
357 3789 436 3846 inter
455 3804 513 3854 eos.
535 3789 584 3860 qni
604 3789 703 3847 volunt
716 3789 802 3862 plane
818 3791 1000 3860 exstinctum,
1020 3789 1064 3847 nti
1080 3793 1191 3862 pestem
1205 3795 1234 3848 et
1248 3784 1366 3846 excidium

244 3893 377 3964 genuinae
398 3892 536 3950 doctrinae
557 3893 729 3964 christianas,
751 3898 784 3951 ιιι
797 3909 865 3952 vere
882 3899 935 3952 est.
967 3892 1031 3952 Hoc
1045 3893 1121 3951 enim
1135 3894 1228 3964 palam
1242 3889 1365 3966 profiteor,

243 3997 272 4054 in
294 3995 395 4055 borum
422 4015 542 4056 numero
570 3998 705 4056 collocari
732 4002 820 4072 atque
847 3999 994 4057 recenseri
1020 4014 1128 4056 summa
1157 3998 1243 4057 laude
1271 3995 1365 4068 dignum
1401 4043 1412 4110 Ὗ

244 4102 386 4174 existimo,
407 4107 437 4161 et
456 4108 559 4176 pereat
579 4102 659 4175 Papa
679 4119 742 4160 oum
763 4103 822 4160 suis
842 4101 982 4174 apostatis
1002 4107 1090 4174 atque
1110 4099 1311 4160 adulatoribus.
1341 4093 1364 4150 Il
1411 4113 1412 4170 t

245 4205 355 4277 magnis
376 4209 406 4264 et
425 4204 551 4264 voluisse
565 4212 610 4264 sat
623 4211 676 4265 est.
707 4205 773 4264 Tibi
785 4221 863 4276 vero,
884 4204 1079 4266 illustrissime
1101 4211 1130 4264 et
1145 4221 1212 4265 vere
1227 4201 1363 4265 christine

243 4309 394 4382 Princeps,
416 4308 479 4382 hoc,
502 4310 641 4384 quidquid
662 4317 706 4370 est
726 4326 856 4370 meorum
876 4310 1015 4380 laborum,
1036 4310 1133 4370 dicare
1154 4308 1301 4379 constitui,
1321 4301 1363 4377 pri·

243 4429 320 4471 mum
340 4414 417 4490 quod
436 4414 523 4488 plane
544 4413 673 4490 videam,
694 4421 724 4474 te
745 4415 905 4492 principem
925 4415 1018 4475 locum
1038 4421 1142 4475 tenere
1162 4417 1238 4476 iuter
1257 4426 1310 4483 eos,
1328 4403 1361 4481 ι’
