2830 5072
66 370 120 425 1561
582 373 641 434 271

61 561 135 604 norae
153 543 214 612 fuit,
235 543 310 618 quod
324 541 458 600 inciderit
473 542 503 599 iu
520 548 643 614 tempus,
665 557 722 616 quo
733 541 812 614 regis
823 541 970 600 coronatio
985 541 1190 604 adornabatur.

62 650 207 722 cogebatur
233 649 307 708 enim
336 645 430 706 aulam
460 649 540 719 sequi
561 647 681 706 Parisiis
709 663 798 719 usque
820 645 926 705 Rems¹
956 652 986 706 et
1010 647 1115 706 iterum
1137 647 1191 708 Pa·

58 754 129 811 risios
147 754 250 813 redire.
290 753 364 811 Nam
386 767 439 810 rex
459 751 598 810 Navarra
619 752 754 826 diguatus
775 757 828 822 cst,
856 768 909 810 suo
937 767 987 812 ore
1015 752 1057 812 illi
1083 753 1190 826 dicere,

60 859 126 930 quod
144 861 211 918 velit
232 876 296 918 eum
316 856 440 918 feliciter
461 858 597 930 expedire
619 864 650 916 et
669 857 824 928 mandare,
850 864 881 916 ut
901 867 1081 930 sequeretur.
1122 858 1191 918 (lar-

60 943 306 1037 dinalisSatiglion,
328 979 412 1037 quem
434 981 579 1038 nunquam
601 963 667 1035 vidi,
688 963 726 1022 ad
742 963 1193 1038 quemnullascommeudaticias

58 1085 131 1142 nepos
151 1069 263 1138 habuit,
285 1069 344 1141 egit
365 1085 417 1140 pro
438 1085 493 1141 me,
516 1084 703 1143 quecumque
730 1067 889 1141 potuissem
910 1067 1087 1126 desiderare.
1128 1068 1187 1128 Aa·

58 1172 149 1230 dieram
169 1174 292 1248 quidem,
315 1189 379 1230 eum
401 1170 499 1230 favere
520 1177 628 1228 nostnae
640 1169 782 1242 religioni,
803 1168 855 1226 sed
868 1186 943 1228 nunc
956 1169 1041 1244 plano
1056 1187 1188 1244 agnosco,

58 1278 268 1344 rarissimumid
290 1295 362 1335 esse.
404 1275 510 1335 Scribit
531 1293 636 1348 nepos,
659 1293 689 1334 se
711 1273 870 1346 audivisse,
901 1274 978 1348 quod
997 1273 1074 1332 idem
1096 1275 1188 1334 cardi·

57 1381 116 1438 nalis
134 1399 230 1456 regern
252 1383 390 1440 Naaarrae
411 1381 594 1450 accessisset,
623 1387 653 1440 et
673 1397 718 1440 mc
740 1380 927 1438 vehementer
948 1379 1187 1453 commendasset,

56 1501 130 1556 quare
149 1502 179 1544 se
200 1487 239 1544 ad
267 1487 381 1546 domum
406 1487 496 1558 ipsius
524 1485 679 1544 cardinalis
706 1487 862 1544 accessisse
893 1491 923 1542 et
950 1485 1057 1557 gratias
1086 1485 1188 1556 egisse,

56 1589 213 1648 cardinalem
235 1597 330 1650 autem
353 1608 383 1648 se
405 1588 592 1662 patefecisse,
624 1591 700 1666 quod
729 1597 836 1649 nostrae
864 1591 1003 1648 doctrinae
1024 1589 1098 1647 bene
1120 1589 1191 1648 velit

58 1699 80 1752 et
97 1711 138 1751 me
158 1697 245 1767 longe
268 1695 360 1770 pluris
388 1693 494 1767 faciat,
526 1712 610 1768 quam
638 1695 690 1753 sim
719 1693 876 1754 faciendus.
919 1693 989 1752 Oarn
1010 1710 1079 1767 ergo
1100 1711 1190 1768 nepos

56 1799 159 1858 redierit
179 1801 217 1859 ad
240 1801 447 1860 Celsiludinem
471 1801 600 1860 Vestram
622 1800 725 1878 (dixi),
758 1801 891 1860 accedam
921 1799 956 1856 de
984 1800 1083 1856 multis
1103 1797 1190 1857 rebus

54 1904 193 1965 locuturus.
238 1907 370 1979 luteres,
403 1923 466 1964 cum
494 1905 703 1966 illustrissimus
731 1907 788 1966 dux
816 1903 1010 1979 Bipcntinus’
1036 1905 1065 1963 id
1097 1922 1114 1962 a
1144 1923 1189 1966 nne

55 2007 170 2080 dignatus
189 2009 281 2069 fuerit
301 2017 417 2084 peiere,
445 2011 540 2070 scribo
553 2011 579 2080 ⁸,
607 2028 671 2084 quae
703 2030 766 2070 cnm
791 2013 887 2084 legato
908 2010 1067 2068 antichristi
1088 2017 1188 2069 couta-

53 2113 128 2184 lerim,
157 2131 241 2188 quae,
269 2115 293 2172 si
314 2130 370 2172 non
391 2114 456 2171 aliis
476 2114 636 2186 proderunt
657 2112 755 2191 (spero
777 2119 874 2174 autem
894 2113 1058 2190 profutura)
1086 2115 1188 2173 saltem

52 2214 135 2277 futuru
156 2225 227 2278 sunt
252 2220 447 2279 testimonium
479 2226 508 2277 et
529 2220 619 2278 veluti
640 2221 743 2294 pignus
762 2237 834 2280 mcae
854 2221 1025 2280 constantiae
1046 2219 1111 2296 (per
1132 2221 1186 2280 Dei

51 2322 297 2400 uoluminum
322 2328 421 2382 nostra
448 2323 628 2382 sanctissima
654 2323 796 2396 religione
821 2333 923 2384 renata
952 2325 995 2385 vel
1020 2323 1188 2400 reformata,

52 2431 195 2486 eratenim
218 2427 466 2487 deformatissima.
508 2427 565 2486 Sed
591 2429 680 2488 Pater
707 2431 833 2490 coelestis
860 2449 912 2504 pro
933 2451 985 2492 sua
1004 2432 1116 2494 infinita
1137 2432 1188 2492 rni-

50 2531 192 2591 serioordia
212 2549 266 2606 per
286 2533 496 2591 illustrissimos
517 2532 713 2592 Celsitudiues
734 2535 853 2594 Vestras
873 2535 1055 2608 reformavit,
1083 2539 1129 2598 cui
1149 2540 1188 2599 sit

50 2636 178 2696 honoret
199 2638 292 2709 gloria
317 2639 346 2694 in
373 2636 588 2710 sempiternum.
630 2639 745 2710 Augeat
771 2646 866 2698 autem
896 2641 1027 2700 omnibus
1051 2639 1184 2702 fidelibus
1269 2677 1273 2694 ·

50 2755 104 2799 suos
128 2741 242 2800 divinos
263 2741 433 2812 thesauros,
466 2741 597 2813 spiritum
623 2749 653 2801 et
680 2741 764 2802 fidem
791 2761 844 2818 per
865 2744 1009 2804 Christum
1037 2747 1185 2808 dominum

50 2851 175 2905 nostrum.

115 2952 223 3010 Datum
243 2949 382 3021 Tubingae
403 2950 450 3008 die
471 2951 554 3008 XVll
575 2950 656 3009 Junii
679 2953 762 3010 1561.

265 3042 468 3114 Illustrissimae
490 3055 677 3114 eelsitudinis
698 3055 810 3116 Vestrae
831 3060 957 3116 servitor

938 3164 1105 3238 Vergerius.

109 3262 179 3318 Vom
198 3263 302 3333 herzog
320 3262 423 3321 darauf
442 3263 562 3332 geselzt:

109 3349 166 3404 Soll
186 3351 250 3404 dem
271 3348 446 3403 churfiiruten
466 3348 514 3403 ain
533 3347 596 3418 copi
615 3349 721 3404 darvon
747 3351 948 3420 augesohichht
966 3353 1084 3410 werden.
1121 3355 1189 3421 lme,

52 3434 185 3505 vergerio,
212 3436 259 3496 uin
279 3435 376 3491 briefle
394 3453 445 3506 per
464 3436 609 3506 generalia
634 3437 815 3508 geschriben,
840 3439 891 3494 das
914 3441 960 3496 ich
979 3459 1047 3512 geru
1067 3443 1188 3512 gehortt,

51 3521 91 3576 das
107 3525 161 3594 bey
179 3525 234 3580 den
253 3522 331 3578 Betis
351 3525 400 3578 das
422 3524 601 3592 evangelium
627 3523 764 3594 auffgehe.
801 3525 854 3580 Des
873 3527 957 3598 prabet
975 3529 1068 3584 nuntii
1086 3530 1189 3586 schrei-

51 3607 93 3663 ben
118 3629 179 3682 seye
199 3611 249 3666 der
268 3629 379 3666 contusus
397 3611 514 3674 mundi3
541 3611 590 3666 das
610 3629 639 3666 er
659 3611 741 3666 beldt
759 3630 792 3666 zu
811 3613 864 3668 mir
884 3615 965 3670 wolle
983 3615 1120 3682 khomen,
1140 3617 1188 3674 des

52 3697 101 3752 will
117 3700 161 3755 ich
178 3700 269 3754 eeiner
288 3700 426 3770 gewertig
444 3699 511 3753 sein.
1054 3707 1055 3712 ’

110 3893 123 3945 1
141 3892 189 3948 Dic
209 3891 330 3962 salbung
351 3891 431 3948 hatte
451 3893 482 3946 15
501 3891 563 3946 Mai
577 3893 606 3946 in
625 3893 740 3948 Rheims
759 3895 981 3964 sicttgefunden.

111 3979 307 4050 2Wolfgang,
326 3997 346 4032 s.
365 3997 393 4034 n.
413 3980 446 4032 72
457 4000 464 4042 ;
490 3995 520 4033 er
539 3997 597 4034 war
615 3982 644 4034 in
667 3980 802 4036 Wildbad
822 3999 950 4051 genesen
970 3984 1027 4037 und
1046 3985 1110 4038 dort
1131 4001 1188 4039 wau

50 4061 146 4134 Verger
163 4069 216 4122 mit
234 4067 293 4121 ihm
312 4065 622 4134 zusammengetroffen.

112 4155 126 4207 3
144 4155 192 4208 Die
215 4153 314 4210 schrift
333 4154 399 4208 kam
419 4153 519 4210 heraus
537 4156 619 4208 anter
638 4155 701 4210 dem
719 4156 799 4210 titel:
821 4156 857 4210 Al
869 4158 1012 4212 reverend.
1026 4159 1187 4228 monsignor

49 4235 154 4305 Delfica,
172 4259 292 4298 vescovo
312 4240 341 4295 di
360 4241 473 4296 hissena
492 4243 544 4298 etc.
582 4243 660 4298 Auch
685 4243 747 4298 eine
773 4243 905 4298 deutsche
929 4244 1117 4314 iihersetnung
1145 4261 1186 4299 er·

49 4321 145 4392 schieo;
163 4348 183 4383 s.
202 4329 297 4399 Serapa
311 4347 331 4384 s.
350 4329 386 4382 98
405 4347 431 4384 n.
453 4330 518 4393 109;
538 4347 558 4382 s.
577 4329 619 4382 br.
640 4332 698 4384 116.
