2910 5080
783 391 823 453 62
1309 388 1358 442 1553

306 561 391 620 Nunc
410 577 498 633 quum
520 575 612 620 essem
633 560 757 620 miserus
778 563 908 620 nundum
929 561 1036 632 meum,
1055 561 1152 622 audiui
1173 577 1190 620 a
1210 563 1287 622 bono
1307 564 1359 623 niro.

228 665 275 738 qui
297 681 333 724 ex
353 665 439 724 Italia
458 664 536 724 veuit
556 666 642 726 immo
663 667 700 725 sb
721 668 843 740 ipsamet
863 665 954 724 classe
975 665 1087 738 gallicu,
1110 667 1295 738 Dragutunr¹
1312 683 1359 725 cun

226 771 358 830 omuibus
377 769 543 829 triremibus
564 769 702 828 thurcicis
722 767 1004 841 Constantinopolim
1025 783 1125 827 uersus
1146 769 1311 828 discessisse
1327 786 1360 827 re-

227 877 296 934 licta
320 876 410 934 classe
431 874 535 948 gallicu
560 877 589 932 in
609 873 703 933 insuto
724 873 850 933 Corsica.
871 873 1041 932 Timendum
1062 879 1115 944 est,
1136 874 1213 944 quod
1233 875 1294 932 solu
1313 874 1359 932 huc

227 995 279 1053 per
299 995 330 1037 se
352 995 408 1038 non
435 980 543 1051 poterit
570 980 708 1038 resistere
735 977 819 1036 classi
840 978 867 1037 d.
889 977 1014 1037 Andreae
1037 976 1157 1036 Dorio&
1199 979 1257 1036 Det
1277 993 1360 1050 puceu

228 1085 377 1156 Dominus,
399 1086 428 1142 in
449 1101 506 1158 qua
526 1101 590 1143 eum
612 1083 762 1142 icudenrus
783 1091 813 1142 ct
833 1081 1025 1157 glorificemus
1052 1083 1169 1141 omues!
1201 1081 1360 1142 Commendo

226 1206 271 1248 me
293 1197 464 1267 reverenter
485 1187 781 1260 VestraeOetsitudini,
805 1188 883 1245 Deus
905 1203 967 1246 eam
991 1194 1087 1245 servet
1108 1204 1125 1244 a
1147 1187 1231 1245 malo.

305 1293 399 1352 Curius
420 1287 588 1352 merorum
610 1295 647 1351 29
670 1293 846 1367 Septembris
870 1295 954 1350 1553.

1068 1411 1072 1418 ’
1132 1397 1295 1470 Vergemus,

789 1633 805 1688 7

525 1751 652 1837 Herzog
675 1750 850 1836 Chri'stoph
876 1773 917 1816 an
942 1749 1076 1836 Verger.

574 1863 721 1938 stuttgart
742 1865 778 1922 10
800 1863 926 1923 October
951 1866 1032 1922 1553.
1430 1937 1431 1942 ἵ

300 1970 408 2040 Herzog
435 1965 584 2034 christoph
613 1965 703 2020 dauht
728 1964 835 2034 Verger
863 1964 907 2018 fiir
933 1963 1008 2019 seiue
1035 1965 1235 2036 bamithungen
1267 1967 1295 2020 in
1319 1959 1382 2022 deu'

233 2061 616 2135 beiruthsuugelegenheiten
641 2061 699 2116 und
717 2061 807 2116 bietet
832 2061 890 2114 ihm
909 2060 1056 2128 'itihingen
1075 2061 1142 2116 odor
1169 2043 1249 2118 einen
1270 2063 1360 2116 anderu

231 2164 276 2215 ort
296 2160 520 2230 Witrttembergs
539 2158 581 2214 als
601 2156 735 2213 uohnsitz
753 2175 799 2212 un.

298 2255 368 2311 Sehr
386 2254 551 2310 undeutlioh
571 2253 784 2325 geschriebeues
803 2257 929 2325 concept.

306 2353 530 2426 Christophorus
551 2352 605 2410 Dei
627 2353 720 2422 gratia
742 2351 806 2408 Dux
830 2351 1101 2426 Wirtemhergensis
1123 2362 1177 2412 etc.
1199 2361 1255 2414 eto.
1281 2369 1361 2413 comes

227 2459 336 2516 Montis
355 2456 522 2530 Peliigerdi.

276 2557 279 2564 “
304 2561 442 2620 Salutem.
482 2559 610 2618 Litteras
632 2567 697 2620 tuas
718 2561 895 2634 accepimus,
918 2561 1039 2634 Vergeri
1060 2564 1222 2635 carissime,
1245 2563 1282 2622 ud
1301 2578 1359 2636 quus

226 2684 291 2741 quae
310 2683 364 2741 pro
388 2672 518 2740 ternpore
545 2663 716 2740 putabamus
743 2666 960 2740 respondenda,
991 2668 1089 2739 paucis
1109 2669 1216 2741 accipe.
1258 2668 1296 2727 Et
1314 2668 1360 2740 pri·

227 2789 302 2832 mum
323 2770 448 2830 omnium
475 2775 590 2845 gratum
618 2777 663 2831 est
692 2771 774 2830 nobis
794 2770 918 2830 officium
948 2771 1020 2830 iliud
1051 2779 1146 2846 tuum,
1176 2774 1254 2846 quod
1275 2779 1359 2832 nostro

226 2878 340 2938 nomine
361 2876 561 2936 illustrissimos
583 2873 678 2934 domui
706 2875 826 2933 ducatus
841 2875 1037 2935 Ferrarieusis
1061 2876 1091 2934 in
1112 2875 1274 2935 salutandis
1292 2875 1357 2949 prin·

228 2983 338 3057 cipibus
358 2982 489 3056 personis
511 2979 679 3052 exhibuisti,
702 2979 778 3053 quod
801 2986 833 3038 ut
853 2996 929 3052 suepe
949 2979 1039 3039 sacius
1060 2966 1256 3039 hortamurte
1278 2982 1359 3040 etiam.

228 3087 291 3146 Nec
311 3089 405 3146 minus
425 3093 509 3160 gruta
534 3091 615 3158 sunt,
648 3101 711 3158 quae
739 3097 774 3142 ex
801 3085 914 3144 illorum
943 3085 1135 3144 collocutione
1164 3086 1246 3144 nobis
1272 3068 1360 3153 refers,

226 3193 347 3252 maxime
369 3207 454 3262 vero,
480 3207 544 3262 quae
572 3189 609 3246 ad
637 3190 796 3262 sponsalia,
827 3189 868 3246 sic
889 3189 1004 3248 Christo
1026 3191 1157 3258 volente,
1190 3190 1360 3250 intermori·

227 3314 304 3356 mum
325 3301 395 3354 nutu
415 3293 504 3357 filium
534 3293 614 3354 ducis
641 3295 772 3353 Senoniae
798 3300 828 3353 et
848 3294 1043 3354 Ferrariensis
1070 3294 1158 3353 filiam
1185 3297 1253 3354 olim
1278 3294 1360 3353 futura

227 3403 384 3477 pertinent.
419 3399 484 3458 Non
506 3399 581 3479 epim
603 3397 773 3472 diffidimus,
803 3401 871 3473 quin
893 3398 1003 3458 fructus
1023 3401 1126 3473 aliquis
1155 3403 1287 3477 egregius
1299 3399 1360 3458 'hinc

226 3507 264 3566 cd
284 3505 434 3564 ecclesiam
457 3519 570 3576 quoque
593 3502 700 3562 Christi
720 3507 888 3562 moraturus
907 3503 954 3576 sit,
975 3503 1025 3561 ubi
1046 3505 1086 3577 pii
1107 3505 1161 3576 piis
1187 3511 1217 3563 et
1237 3505 1266 3563 in
1286 3502 1360 3562 tantis

224 3592 487 3687 familiiseuspicio
507 3605 563 3665 Dei
588 3606 742 3679 aliquando
764 3608 984 3679 conjungantur.
1025 3606 1088 3666 Nec
1113 3608 1149 3666 ab
1170 3609 1301 3668 instituto
1319 3608 1359 3665 illo

225 3733 277 3776 suo
297 3713 491 3788 pulcherrimo
511 3710 727 3784 Ferrariepsem
749 3719 931 3771 remorentur
952 3728 1080 3771 rumores
1106 3713 1147 3770 iili
1174 3712 1296 3786 bellici³,
1320 3711 1359 3782 qui

793 3841 808 3872 11

297 3921 357 3976 IS.
376 3921 417 3975 br.
437 3939 464 3976 n.
483 3923 507 3976 2.
526 3924 551 3975 1.

295 4009 312 4062 2
330 4009 455 4064 Andreas
473 4009 566 4072 Duria,
586 4010 649 4078 geb.
662 4009 738 4074 1468,
757 4009 864 4077 11560,
884 4009 934 4064 der
952 4008 1100 4064 berithmte
1119 4008 1230 4063 seeheid
1249 4007 1359 4062 uenum,

226 4096 353 4153 eroberer
372 4113 426 4151 von
445 4096 536 4160 Turis,
558 4096 665 4152 damals
683 4096 802 4152 admissi
822 4097 871 4153 der
890 4096 1077 4154 kaiseriiohen
1095 4095 1183 4152 flotte.

293 4183 309 4238 3
328 4182 379 4238 Die
398 4182 627 4254 streitigkeiteu,
655 4183 760 4240 welche
779 4185 850 4240 uach
878 4185 941 4240 dem
968 4184 1033 4240 tode
1059 4201 1114 4240 von
1140 4184 1264 4238 kurfdrst
1285 4178 1359 4236 Moru

225 4271 364 4326 umischen
383 4271 432 4326 der
451 4271 671 4327 albertiuischeu
691 4273 748 4326 und
760 4273 981 4328 ernestiuischen
994 4273 1063 4327 linio
1076 4270 1259 4334 ausbrachen,
1277 4267 1358 4322 iudam

223 4359 334 4414 Johenn
354 4358 496 4414 Friedrich
517 4358 619 4414 wieder
637 4359 666 4413 in
694 4359 747 4414 den
767 4360 854 4414 besitu
884 4362 933 4416 der
951 4361 1099 4416 lsurwitrde
1123 4361 1181 4414 und
1207 4358 1292 4414 seiues
1308 4353 1359 4406 lun·

223 4445 273 4500 des
290 4444 433 4517 gelangeu
452 4445 561 4510 wollte,
587 4463 644 4502 was
667 4446 736 4502 aber
762 4447 841 4502 nicht
859 4447 974 4518 peiaug.
1011 4447 1057 4503 Sic
1075 4445 1194 4502 wrrrdeu
1211 4443 1294 4501 durch
1311 4438 1356 4492 deu
