2830 5072
759 373 822 434 rur
1153 361 1156 366 ·
1291 369 1341 424 ue
1401 346 1405 383 ²

218 549 248 602 ct
268 541 411 602 excusabo
433 559 478 600 me
500 541 576 614 apud
597 539 743 612 domiuum
764 542 856 602 Deum
879 561 992 622 meum,¹
1004 544 1079 617 quod
1100 544 1290 602 illustrissimo
1306 544 1341 601 d·

216 647 292 704 mino
312 645 434 718 principi
453 645 697 714 christianissimo,
718 646 770 704 snb
792 663 847 720 quo
869 649 942 719 vivo,
963 649 1058 708 omnia
1071 649 1242 720 remiserim,
1265 665 1340 721 qnan-

216 765 300 824 quam
313 765 370 808 non
384 749 565 822 crediderim,
587 748 716 808 futurum
732 750 791 809 ulla
812 752 996 810 excusatione
1018 769 1097 826 opus,
1119 769 1185 810 nam
1201 759 1278 812 certo
1292 751 1342 822 scio,

216 853 294 912 illem
315 854 395 912 eliud
415 871 472 912 non
493 870 557 914 esse
578 853 786 926 mandaturam,
808 857 862 914 uisi
883 857 961 928 quod
983 865 1060 916 essct
1080 857 1238 916 secundnm
1259 857 1342 914 donini

216 959 307 1018 nostri
326 958 396 1017 Jesu
418 959 526 1018 Christi
546 958 717 1018 doctrinam.
1054 1027 1058 1033 ,

293 1063 370 1122 Poto
392 1063 437 1140 (ut
458 1069 628 1122 reverenter
654 1079 749 1122 meum
770 1065 919 1124 consilinm
941 1064 1045 1141 dicam)
1067 1066 1112 1124 vel
1133 1083 1151 1124 c
1171 1067 1277 1124 Vestro
1294 1065 1343 1123 Oel-

216 1167 343 1226 situdinc
364 1168 411 1226 rel
430 1184 448 1226 a
467 1184 519 1226 suo
533 1167 674 1240 'delegato
691 1167 791 1240 jndice
813 1169 857 1225 vel
881 1169 1043 1242 jndicibus,
1064 1186 1117 1243 pro
1138 1168 1290 1228 sufficienti
1308 1185 1343 1227 nc-

217 1274 370 1344 cessitate,
398 1271 574 1331 audiendum
595 1271 785 1341 Scalichium,
807 1275 829 1330 si
853 1291 920 1332 vero
945 1274 1189 1347 deprehendetur,
1212 1273 1306 1334 falsum
1323 1275 1342 1329 in
1405 1313 1407 1326 .

216 1376 375 1450 privilegiis
396 1377 570 1436 commisisse
592 1384 672 1435 etse
695 1379 827 1436 comitem
849 1385 877 1436 et
900 1380 1035 1437 beronem
1050 1377 1124 1437 falso
1141 1381 1278 1451 jactasse,
1297 1395 1343 1436 esse
1405 1401 1406 1404 ¹

215 1481 331 1555 quidem
353 1481 501 1540 mitissime
523 1499 586 1540 cnm
607 1482 657 1539 illc
684 1482 842 1554 agendum,
874 1490 905 1539 ut
930 1483 961 1541 in
988 1501 1096 1542 summa
1123 1485 1198 1542 lucri
1226 1482 1344 1541 iaciemus
1405 1553 1406 1568 χ

215 1587 372 1656 homiuem,
394 1588 442 1658 qui
462 1585 587 1644 nondum
610 1593 654 1644 cst
675 1585 860 1645 confirmatus
880 1587 909 1644 in
932 1588 1096 1660 evangelio,
1124 1582 1167 1645 ita
1188 1595 1299 1658 tamen,
1321 1593 1344 1642 ut
1405 1573 1406 1610 ἢ

214 1690 373 1749 adversarii
393 1708 448 1750 non
471 1691 639 1764 exclament,
662 1707 714 1750 nos
728 1697 883 1764 contegere
903 1693 986 1764 taleS,
1008 1691 1061 1751 lrcc
1081 1691 1159 1760 facit,
1181 1699 1213 1750 ut
1226 1709 1306 1750 cansa
1318 1692 1345 1746 ait
1405 1737 1406 1740 ,

217 1811 273 1853 non
293 1793 395 1852 facilis.
437 1795 508 1854 Dico
529 1798 634 1853 iterum
656 1802 743 1868 atque
765 1798 885 1867 iterum,
914 1796 993 1854 illum
1024 1795 1193 1854 falsificasse
1214 1803 1245 1854 et
1266 1812 1344 1854 corru-

213 1901 289 1972 pisse
311 1901 367 1958 triu
386 1899 539 1973 privilegia
560 1907 590 1958 et
610 1901 741 1958 omnibus
762 1901 946 1974 imposuisse,
968 1917 1032 1959 curn
1053 1917 1083 1958 se
1106 1900 1243 1958 beronem
1266 1907 1293 1957 et
1310 1913 1344 1956 cc·

214 2007 314 2064 mitem
337 2005 474 2078 jactarit;
507 2005 558 2064 sed
588 2005 662 2078 quod
691 2006 727 2062 ad
756 2021 800 2062 rne
822 2007 935 2076 attinet,
958 2002 1004 2079 (ut
1024 2004 1095 2079 dixi)
1118 2006 1228 2062 utinam
1250 2021 1343 2077 possen
1404 1989 1405 1992 '

214 2116 368 2185 contegere
390 2127 454 2169 meo
475 2109 623 2182 sanguine.

294 2215 325 2273 Si
345 2216 459 2274 venerit
479 2217 506 2272 d.
529 2214 668 2288 Unguad,
697 2214 936 2288 quenradnrodum
957 2213 1039 2272 nobis
1060 2230 1213 2285 persuum
1235 2218 1343 2270 secretu-

152 2399 154 2404 .
212 2322 286 2378 rium
307 2319 496 2392 significavit,
516 2319 665 2378 ostendum
686 2319 729 2377 illi
750 2321 860 2390 omnic,
887 2323 910 2376 si
933 2319 1036 2378 Vestra
1056 2319 1253 2378 illustrissima
1272 2315 1345 2376 Gelsi·
1406 2351 1407 2354 η

173 2451 176 2455 ’
212 2424 283 2482 tudo
303 2424 373 2481 relit
393 2424 457 2495 ipsc
477 2423 584 2494 videre,
606 2425 716 2481 mittam
737 2423 832 2480 omnia
853 2429 883 2480 ct
898 2440 943 2480 me
959 2421 1095 2480 submitto
1113 2428 1281 2480 reverenter
1296 2427 1344 2477 tun
1406 2487 1407 2490 Ἴ

214 2545 275 2598 suo,
297 2535 357 2585 tum
377 2525 499 2586 aliorum
518 2527 629 2598 jndicio
650 2534 680 2585 et
701 2528 768 2586 milri
790 2528 843 2600 ipsi
865 2543 921 2584 non
942 2526 1066 2584 credam.

291 2631 407 2692 Utinam
427 2633 533 2690 Vestra
553 2631 746 2690 lllnstrissimn
768 2631 916 2694 celsitudo
938 2629 1074 2704 dignetur
1094 2632 1210 2688 mittere
1233 2645 1345 2701 unguen·

212 2745 272 2796 tum
293 2753 345 2809 pro
366 2737 479 2796 neruis!

291 2842 386 2900 Audio
407 2858 460 2914 pro
481 2847 570 2914 certo,
593 2847 734 2899 mortuum
762 2857 824 2899 esse
845 2839 993 2898 Gallorum
1014 2839 1135 2912 regem¹
1157 2856 1192 2897 ex
1213 2844 1342 2912 apostem-
1405 2873 1406 2878 κ

212 2952 288 3006 mate
308 2947 337 3004 in
359 2952 485 3018 gutture,
506 2946 658 3004 liberatum
676 2947 737 3018 jam
757 2961 820 3004 esse
841 2943 868 3001 d.
884 2943 1074 3015 Conduinum,
1096 2951 1126 3001 et
1146 2959 1208 3002 rem
1228 2947 1345 3016 spectare
1402 2949 1405 3024 q

211 3051 248 3110 ad
270 3067 400 3122 magnum
421 3057 538 3120 motum,
560 3056 592 3107 nt
612 3048 724 3108 scilicet
744 3049 923 3120 evangelium
943 3049 1105 3106 invehatur.
1137 3047 1206 3105 Fiat
1226 3047 1345 3104 voluutas
1404 3025 1405 3048 ³

211 3156 335 3215 Domini.
368 3156 471 3214 Veniat
492 3171 611 3228 regnum
633 3162 663 3213 ct
683 3155 776 3226 gloria
796 3154 894 3228 ipsius.
926 3152 1100 3212 Commendo
1121 3170 1166 3210 mc
1188 3155 1344 3211 reverenter

213 3259 418 3318 illustrissimos
439 3258 609 3318 Celsitudini
632 3257 753 3317 Vestrae.

289 3415 428 3488 Tubingae
449 3415 496 3474 die
518 3380 570 3472 llll
592 3415 761 3474 Decembris
782 3413 905 3472 MDLX.

441 3546 642 3623 illustrissimae
664 3549 776 3608 Vestrae
798 3546 984 3606 celsitudinis
1009 3548 1132 3605 servitor

1112 3677 1271 3748 tergenus.

779 3816 793 3850 Ἰ*

281 3929 294 3981 l
315 3926 379 3996 Vgl.
399 3927 439 3981 br.
460 3946 485 3981 n.
508 3927 549 3981 81.
578 3925 667 3982 Franz
685 3925 720 3990 ll,
739 3929 755 3993 †
774 3929 789 3978 5
809 3924 959 3980 December
980 3926 1054 3978 1560.
1088 3923 1152 3980 Scin
1172 3925 1221 3978 tod
1237 3920 1342 3976 tuderto

210 4014 255 4069 die
274 4029 361 4084 gance
380 4013 444 4084 lage
463 4015 513 4070 der
531 4009 750 4084 protestantem,
769 4013 864 4068 Cende
883 4030 941 4067 war
959 4011 1098 4083 gelangen
1118 4010 1174 4064 und
1192 4010 1268 4064 sehon
1286 4021 1343 4058 zum

209 4100 276 4156 todc
295 4100 469 4165 rerurtheilt,
488 4102 530 4156 als
549 4101 597 4157 dea
616 4100 717 4171 lonigo
734 4099 897 4169 pldtclichea
916 4098 987 4153 ende
1005 4098 1054 4152 ihu
1075 4097 1201 4152 belreitc.
