2830 5078
1298 391 1348 445 1558
1409 461 1410 484 Χ

219 562 363 636 intelliget
383 563 522 634 Tubingae
544 561 646 620 haherr'
665 561 703 620 ad
719 562 894 635 octingenta.
935 561 1050 620 Mittam
1069 561 1098 620 in
1120 565 1283 636 niustriam,
1303 583 1348 626 con

221 685 236 726 e
258 667 388 725 Thermis
415 667 546 738 rediero,
572 667 596 724 si
624 666 718 725 eidem
739 665 908 724 celsitudini
929 666 1042 724 Vestrae
1063 666 1269 728 illustrissima
1288 671 1349 729 ride·

220 772 306 830 bitur.

297 876 373 935 Dedi
392 875 587 934 recudendam
607 876 756 934 historiam
771 875 918 934 Francisci
934 873 1068 948 Spicrae¹
1087 877 1174 948 illius,
1197 880 1246 950 qui
1267 881 1295 936 in
1313 881 1351 936 nni·

219 981 367 1039 serrimam
392 980 535 1038 inciderat
562 981 795 1052 desperationem
825 981 861 1038 ob
893 986 1028 1053 negatam
1048 981 1201 1039 veritatem
1228 984 1351 1054 agnitam

219 1101 284 1144 uam
305 1101 339 1142 ea
360 1084 443 1144 valde
464 1086 656 1144 commovebit
675 1086 781 1144 multos
801 1085 830 1144 in
852 1086 986 1154 dustria,
1008 1085 1057 1144 uhi
1077 1087 1216 1158 permulti
1238 1089 1352 1146 dissimu-

219 1191 279 1248 lant
299 1197 386 1262 utque
407 1197 523 1261 negant.
564 1189 767 1249 serenissimus
796 1207 845 1248 rex
867 1189 938 1248 nihil
958 1191 1051 1249 adhuc
1070 1191 1106 1248 de
1128 1208 1164 1249 ea
1184 1193 1317 1251 audierat
1333 1199 1354 1251 et
1408 1195 1410 1244 l

219 1295 300 1362 dixit,
322 1311 353 1351 se
374 1309 438 1352 eam
459 1311 477 1352 a
496 1312 542 1352 me
564 1301 742 1368 exspectare.

300 1398 405 1457 Nescio
427 1415 484 1472 quo
504 1401 590 1458 modo
617 1399 790 1474 contigerit,
821 1405 854 1456 ut
874 1397 1064 1458 Thermarum
1076 1421 1079 1426 ¹
1091 1400 1247 1473 preelectus
1274 1401 1353 1459 nullas
1409 1389 1410 1452 j

221 1503 355 1562 hahuerit
374 1504 496 1575 litteras,
517 1501 627 1560 nullum
646 1501 820 1568 mandatum,
843 1508 875 1559 nt
887 1500 945 1558 mei
959 1501 1101 1559 rationem
1117 1501 1239 1570 habeam
1260 1503 1353 1560 utinen
1408 1533 1410 1586 3

222 1608 315 1666 adhuc
341 1609 476 1666 haberet!
507 1615 574 1668 suut
601 1607 677 1666 enim
704 1607 750 1664 hie
776 1607 854 1664 varia
879 1606 1025 1664 homiuum
1049 1621 1177 1678 genera,
1210 1607 1353 1679 Hispanum

221 1713 309 1770 etiam
329 1713 388 1770 vidi
408 1713 631 1783 mendicantem
655 1728 717 1769 sum
738 1709 854 1785 quidem
873 1711 901 1768 iu
915 1710 1034 1781 privatis
1051 1711 1168 1781 aedibus‚
1190 1729 1247 1768 non
1267 1712 1295 1768 in
1315 1729 1353 1783 pu-

222 1817 295 1874 bhoo
316 1816 487 1888 diversorio,
508 1821 539 1874 at
559 1816 719 1875 consultum
740 1822 881 1894 putarem,
902 1815 926 1872 si
939 1814 1023 1874 multi
1035 1815 1177 1887 riderent,
1200 1815 1353 1887 praeteetum

170 1903 187 1926 ‘
223 1922 331 1980 bebere
352 1923 475 1995 aliquam
496 1937 595 1981 curam
614 1937 686 1978 meae
706 1937 847 1992 personae.

301 2027 474 2086 Commendo
495 2043 541 2084 me
562 2033 731 2085 reverenter
743 2026 855 2084 Vestrae
869 2024 1071 2084 illustrissimae
1085 2025 1264 2098 Celsitudini
1285 2041 1354 2099 quau

222 2131 311 2190 Peter
330 2133 458 2192 coelestis
483 2132 565 2190 nobis
593 2131 642 2188 din
669 2129 841 2190 ineolumem
867 2137 964 2188 servet
987 2146 1040 2203 per
1061 2129 1205 2189 Christum
1227 2131 1354 2190 dominun

223 2223 362 2296 nostrum.

300 2344 344 2400 Ex
365 2342 495 2399 Thermis
515 2341 615 2399 ferinis
636 2342 682 2400 dio
703 2343 746 2400 XI
766 2342 837 2400 Maii
862 2343 944 2399 1558.

380 2444 491 2501 Vestrae
512 2444 715 2501 illustrissimae
736 2443 923 2501 Oelsitudinis
945 2443 1217 2501 observantissimus

1075 2595 1077 2600 .
1126 2549 1291 2620 Vergerius.

776 2818 822 2873 ol.

525 2934 649 3022 Verger
673 2959 715 3002 eu
737 2937 857 3022 herzog
880 2935 1066 3022 Christoph.

519 3058 524 3066 ’
598 3069 748 3142 Ttthingen
770 3073 806 3126 31
829 3069 889 3126 Mai
914 3070 997 3126 1858.

295 3190 402 3258 Verger
422 3188 567 3260 empfiehlt
586 3189 669 3246 einen
687 3190 901 3262 evangelischen
920 3191 1060 3260 prediger,
1079 3191 1242 3246 Ambrosius
1256 3189 1351 3260 Zieghv,

223 3286 272 3340 der
289 3285 320 3339 in
339 3285 554 3356 Wiirttemberg
574 3303 659 3356 gerne
678 3286 740 3341 eine
759 3287 841 3341 stelle
859 3287 1018 3342 annehmen
1037 3288 1140 3342 wtirde.
1171 3285 1351 3343 Litterarisehe

152 3399 155 3404 ·
223 3381 415 3450 neniglreiten.

301 3480 497 3537 Illustrissirne
518 3480 658 3553 Princeps
679 3486 709 3538 et
730 3481 852 3538 Domine
874 3481 997 3538 Domine
1018 3480 1263 3539 Clementissime!

302 3584 394 3654 Agam
415 3585 521 3657 paucis,
543 3601 607 3641 oum
628 3584 739 3657 aliquot
759 3586 856 3655 capita
876 3586 1011 3650 habeam,
1043 3603 1107 3658 quae
1135 3585 1273 3656 scriham3
1301 3580 1353 3654 qnia
1404 3615 1405 3630 ι

223 3687 362 3746 decumbo
373 3690 435 3760 jam
449 3687 502 3745 XV
519 3689 628 3760 diebus,
650 3707 715 3747 nam
730 3689 863 3748 Thermae
885 3688 995 3762 ferinae,
1017 3707 1082 3763 quee
1106 3697 1166 3746 turn
1188 3691 1286 3746 multis
1301 3699 1352 3758 pro-

224 3799 306 3863 sunt,
335 3792 404 3850 mihi
426 3811 493 3851 vero
515 3812 571 3852 nou
592 3793 773 3866 profuerunt.
814 3795 965 3853 Laudetur
986 3796 1141 3868 Dominus,
1171 3812 1255 3866 spero
1275 3801 1351 3851 tanen

224 3897 301 3954 intra
321 3898 431 3971 aliquot
452 3897 514 3956 dies
535 3899 638 3957 melius
660 3915 705 3956 me
726 3899 902 3957 habiturum.

303 4003 391 4061 Venit
417 4005 454 4062 ad
483 4003 689 4062 Celsitudinom
711 4005 844 4064 Vestram
872 4004 972 4064 doctor
992 4005 1099 4063 Paulus
1121 4000 1293 4071 Scalieius¹‚
1315 4012 1350 4052 ιθ·
1402 4055 1403 4078 1

296 4176 310 4229 1
330 4163 405 4230 Uber
426 4175 524 4246 Spierc
546 4194 566 4230 s.
586 4175 707 4246 Vergers
726 4113 823 4246 lebein}
843 4193 898 4232 von
917 4177 972 4231 den
990 4175 1208 4232 verschiedenen
1226 4169 1346 4242 ausgaben

223 4263 261 4318 ist
279 4263 337 4318 dies
356 4264 428 4318 nach
447 4264 543 4334 Serep.
562 4282 583 4318 s.
603 4265 645 4318 69.
663 4282 690 4318 n.
711 4267 743 4319 10
763 4264 808 4320 die
827 4265 920 4320 dritte.
1401 4339 1402 4344 ἵ

293 4350 309 4403 2
327 4350 430 4405 Paulus
442 4350 602 4416 Scaliehius‚
624 4351 688 4422 geb.
708 4353 783 4408 1534.
810 4352 847 4408 Elr
859 4351 1030 4422 behauptete
1049 4368 1098 4405 aus
1117 4351 1182 4406 dem
1199 4345 1344 4405 vornehmeu
1401 4349 1402 4413 l

225 4435 380 4493 Veroneser
408 4437 494 4491 hause
520 4437 569 4492 der
587 4437 714 4508 Scaliger
737 4438 964 4504 abzustammen;
988 4438 1160 4492 untersttitnt
1187 4435 1268 4492 durch
1290 4427 1343 4500 gule
