2830 5078
786 629 833 686 67.

540 759 665 846 Verger
687 781 729 824 an
752 757 869 845 herzog
891 757 1073 842 Ohristnph.

620 891 769 964 Tdbiugen
793 893 807 947 1
829 889 889 949 Juli
913 891 997 947 1558.

280 1011 420 1067 'Sohiokt
445 1011 490 1066 dio
515 1011 701 1081 dbereotuung
725 1011 801 1066 eines
827 1010 996 1081 spanischen
1022 1010 1126 1066 briefen
1153 1008 1213 1062 und
1238 1007 1355 1079 empfiehlt

235 1108 331 1164 soinen
349 1107 441 1164 neffen
459 1109 503 1162 ldr
520 1108 569 1164 dos
587 1108 703 1177 hernogs
722 1107 778 1163 hof.
1216 1107 1219 1110 ’

197 1181 201 1190 “
312 1207 507 1266 Illustrissime
528 1207 666 1280 Princeps
687 1212 717 1264 et
738 1205 859 1264 Domine
880 1205 1002 1263 Domine
1025 1191 1268 1262 clementissime!

310 1308 397 1369 Mitto
419 1311 579 1369 versionem
593 1310 616 1380 ¹,
645 1326 730 1382 quam
751 1326 769 1367 a
789 1325 833 1366 me
855 1309 966 1368 Vestrae
989 1307 1174 1366 Celsitudiois
1193 1307 1304 1364 nomine
1322 1321 1356 1376 pe·
1399 1348 1400 1352 ,

234 1415 301 1474 tivit
320 1415 416 1474 minor
439 1413 602 1488 prateolus.
642 1415 687 1473 Ne
714 1420 809 1473 autem
836 1431 968 1487 arrogem
995 1413 1083 1484 mihi,
1113 1411 1145 1468 id
1176 1411 1251 1483 quod
1276 1425 1358 1468 revera
1399 1349 1402 1462 h

233 1521 345 1592 nescio,
368 1537 422 1592 ego
443 1519 618 1592 hispanicam
639 1520 764 1596 linguam
787 1537 843 1578 nou
865 1521 945 1590 novi,
967 1519 1034 1578 ideo
1055 1534 1109 1591 ego
1130 1533 1187 1574 non
1210 1518 1297 1584 verti,
1323 1515 1358 1573 sed

233 1637 324 1694 nepos
344 1622 540 1695 meus,'quem
561 1621 638 1694 apud
658 1638 703 1680 me
725 1622 833 1694 haheo,
856 1621 905 1695 qui
927 1627 972 1680 est
992 1622 1062 1680 satis
1083 1621 1157 1679 bene
1177 1623 1207 1678 in
1229 1637 1263 1680 ea
1280 1621 1358 1692 lingua
1399 1547 1402 1670 h

234 1727 360 1800 peritus3
392 1725 683 1800 praeterquamquod
705 1726 857 1796 eleganter
884 1725 974 1782 dictat
1002 1723 1113 1781 italicas
1138 1724 1270 1794 litterae,
1299 1724 1358 1780 novit
1401 1715 1402 1802 l

232 1829 322 1887 latine
344 1834 373 1887 et
393 1829 523 1888 nonnihil
543 1829 661 1901 gallice,
683 1833 713 1885 et
733 1833 878 1900 praeterea
898 1832 942 1886 est
962 1829 1032 1886 satis
1053 1824 1207 1898 cordatus,¹
1219 1829 1243 1886 si
1264 1829 1357 1884 mitten·
1401 1813 1402 1850 ³

233 1932 286 1991 dus
308 1939 384 1991 asset
404 1932 558 2007 aliquando
580 1933 626 2008 (ιιι
647 1934 721 1991 solet
742 1933 924 2007 contingere)
946 1949 998 2006 per
1018 1917 1140 1992 Italiam.
1399 1921 1402 2066 l

314 2039 409 2111 Quare
431 2041 455 2098 si
467 2039 571 2098 Vestr'a
588 2038 737 2098 Celsitudo
758 2039 882 2097 voluerit
902 2039 1010 2097 habere
1031 2037 1186 2110 aliquando
1207 2039 1325 2111 aliquem
1340 2036 1359 2091 in

197 2151 199 2157 ’
235 2158 288 2200 sna
308 2143 375 2200 aula
395 2143 425 2200 iu
445 2143 509 2200 istis
530 2141 635 2214 linguis
656 2142 793 2212 peritum,
819 2149 850 2200 et
870 2141 919 2214 qui
940 2142 1027 2199 etiarn
1048 2143 1213 2222 germanice
1235 2141 1316 2211 sciat,
1338 2146 1360 2198 ut

232 2247 287 2304 iste
308 2247 371 2318 scit,
392 2246 469 2303 hunc
493 2262 563 2319 ergo
577 2247 690 2305 Vestrae
708 2237 878 2304 eelsitudini
900 2243 990 2304 offero
1011 2246 1041 2304 in
1061 2250 1243 2320 servitorem,
1265 2253 1293 2304 et
1311 2261 1359 2318 pro·
1401 2233 1402 2270 ³

232 2351 316 2409 mitto
335 2367 388 2425 pro
410 2367 459 2422 eo,
482 2347 558 2424 quod
583 2352 620 2408 sit
639 2349 733 2409 fidelis
754 2357 783 2408 et
803 2350 907 2409 nobilis
927 2367 1048 2423 genere,
1081 2357 1112 2408 ut
1133 2357 1179 2408 est
1200 2353 1288 2409 etiam
1305 2351 1359 2422 pius.
1399 2375 1400 2426 j

231 2455 353 2516 Omnino
375 2472 492 2516 necesso
514 2463 566 2529 est,
587 2462 620 2515 ut
640 2455 790 2514 Celsitudo
812 2456 916 2514 Vestra
936 2457 1060 2530 aliquem
1081 2457 1169 2516 talem
1190 2459 1220 2515 iu
1242 2459 1306 2516 aula
1322 2455 1358 2513 ha·
1399 2449 1400 2452 ’

230 2560 300 2620 beat
319 2568 438 2634 propter
457 2563 563 2620 multos
584 2577 675 2632 casus,
698 2561 747 2633 qui
767 2567 886 2633 possunt
900 2559 1078 2634 contingere,
1094 2577 1152 2618 non
1164 2562 1360 2636 modopropter
1399 2641 1400 2644 Ἴ

232 2673 441 2725 ornamentum.
482 2666 599 2724 Interea
627 2665 693 2723 dum
723 2665 768 2723 vel
796 2683 890 2724 meum
918 2671 1052 2736 nepotem
1073 2664 1119 2722 vel
1139 2665 1229 2722 alium
1250 2665 1360 2737 recipiat,
1399 2653 1400 2656 '

232 2767 368 2842 dignetur
387 2785 452 2827 mea
473 2785 562 2840 opera
583 2768 638 2840 uti3
669 2785 735 2826 nom
756 2769 825 2826 nihil
846 2786 971 2841 unquam
998 2767 1072 2827 facio
1096 2768 1263 2840 lubentius,
1293 2784 1360 2842 quan

231 2889 295 2932 cum
315 2873 428 2934 Vestrae
450 2873 620 2932 Celsitudini
641 2873 776 2933 inservio.

309 2977 344 3036 D.
366 2979 617 3038 vicecancellarius
639 2977 770 3037 discessit
789 2979 851 3037 heri
871 2979 955 3037 laetus
976 2985 1007 3038 et
1027 2977 1101 3036 bene
1122 2985 1283 3050 contentus,
1303 2977 1358 3050 quia

228 3080 300 3139 vidit
320 3072 389 3140 se'a
410 3080 588 3139 Celsitudine
600 3080 704 3138 Vestra
725 3086 760 3138 ct
775 3079 811 3138 ab
833 3081 964 3138 omnibus
984 3078 1072 3138 fuisse
1093 3083 1250 3142 honorifice
1272 3097 1359 3152 encop-

229 3191 299 3242 tum.
332 3184 505 3244 Commendo
527 3201 572 3242 me
592 3190 770 3243 reverenter.
801 3185 880 3243 Deus
900 3191 997 3244 servet
1013 3187 1147 3244 Vestram
1168 3186 1360 3246 celsitudinem

230 3289 353 3348 amalo.

307 3393 444 3464 Tubingaa
464 3393 592 3452 calendis
612 3393 682 3454 Julii
705 3395 789 3452 1558.

372 3497 577 3555 illustrissimae
598 3497 808 3558 Dominationis
829 3497 941 3556 Vestrae
963 3499 1231 3560 observantissimus

1128 3604 1292 3677 Vergarius.

778 3836 826 3894 68.

529 3947 653 4034 Verger
677 3971 718 4013 an
740 3949 860 4036 herzog
883 3950 1065 4036 christoph.

585 4061 735 4134 Ttbingen
756 4063 773 4120 5
795 4063 908 4136 August
931 4066 1014 4124 1558.

791 4167 806 4200 *

297 4239 311 4291 1
331 4236 383 4290 ain
401 4237 521 4308 Spaniar
533 4239 671 4294 Antonius
683 4240 821 4310 Qnierque
841 4243 954 4299 Salazar
972 4261 1021 4298 aus
1034 4243 1195 4300 Valladolid
1213 4243 1290 4298 hatte
1307 4237 1356 4291 den

225 4322 473 4466 herazgsgebeten,
492 4326 542 4380 ihu
561 4326 590 4380 in
611 4327 687 4382 aeine
706 4328 815 4384 dienato
834 4331 1047 4386 aufannchmon.

349 4451 356 4465 .
375 4430 403 4467 u.
421 4413 464 4467 86.
