2884 5074
764 342 828 404 468
1307 339 1367 394 lata

1436 441 1437 494 l

300 513 495 572 illustrissime
517 512 654 586 Princeps
676 518 707 569 at
728 513 849 572 Domine
871 514 995 572 Domine
1018 512 1267 572 clementissime!

302 615 386 688 Quod
406 615 514 674 dictum
534 620 578 673 est
598 631 615 672 a
634 614 694 674 filio
717 616 789 674 Dei:
817 621 911 674 estote
934 617 1039 690 parati,
1060 619 1155 690 tangit
1176 619 1294 692 quidem
1313 636 1366 678 om·

222 725 273 779 n‘es
294 722 420 780 omnium
440 725 571 788 aetatum,
599 718 650 776 sed
671 719 762 792 magis
783 719 854 776 mihi
875 719 991 779 videtur
1011 722 1161 794 pertinere
1181 723 1220 781 ad
1241 741 1323 782 senes
1341 731 1367 782 et

222 843 306 885 sanas
325 833 509 900 egrotantes.
551 825 648 896 Quare
676 842 740 883 cum
766 825 803 883 ad
830 842 875 882 me
895 828 1040 900 praecipue
1062 827 1292 890 animadvertam
1309 845 1367 902 per·

222 934 325 1003 tinere,
345 947 417 1004 paro
438 947 483 988 ine
503 931 596 1003 ipsum
618 929 654 988 ad
675 936 798 989 mortem
819 938 849 989 et
869 932 977 1004 gratias
998 949 1053 1004 ago
1071 933 1149 992 Patri
1175 948 1240 992 meo
1255 934 1366 1003 cmlesti,

223 1039 271 1110 qui
292 1037 432 1106 concedit,
454 1043 487 1096 ut
507 1036 561 1095 hoc
581 1037 687 1109 possim
709 1035 821 1107 iacere,
847 1055 904 1095 non
926 1037 1042 1111 quidem
1062 1038 1092 1095 in
1114 1038 1266 1097 condendo
1286 1043 1365 1096 testa·

222 1149 328 1214 menta,
350 1160 444 1216 neque
467 1143 543 1200 eninr
565 1159 633 1200 curo
651 1159 697 1200 res
712 1139 838 1214 frivolas,
860 1150 893 1200 ut
908 1149 974 1200 sunt
991 1161 1061 1215 opes
1076 1145 1160 1216 hujus
1175 1144 1283 1216 mnndi,
1305 1159 1367 1216 quas
1436 1125 1437 1154 ³

223 1248 290 1306 olirn
310 1248 397 1306 habui
418 1253 448 1306 et
469 1264 525 1306 non
547 1247 639 1306 habeo
660 1247 800 1320 amplius,
828 1247 880 1306 scd
908 1250 936 1305 in
958 1247 1150 1322 relinquendo
1170 1255 1237 1322 post
1256 1266 1302 1306 me
1321 1249 1366 1303 nli-
1436 1261 1437 1268 ¹

222 1353 299 1426 quid,
321 1353 398 1426 quod
419 1352 510 1426 possit
532 1353 681 1411 ecclesiam
704 1352 758 1410 Dei
786 1369 956 1423 promovere
986 1351 1213 1423 (qualiscumque
1236 1348 1316 1426 sim);
1341 1351 1366 1406 in
1436 1361 1437 1410 ξ

222 1473 331 1516 summa
352 1456 471 1530 collegi,
500 1475 564 1530 qum
584 1463 650 1527 post
670 1471 802 1512 mennra
829 1459 938 1527 papatu
970 1453 1127 1512 discessum
1155 1455 1258 1528 scripsi
1285 1455 1367 1514 latina

222 1569 271 1620 ant
292 1561 408 1632 italica,
439 1561 586 1630 pertinent
607 1561 683 1618 enirn
704 1560 801 1616 omnia
820 1560 857 1618 ad
882 1575 997 1618 eausam
1024 1559 1193 1632 religioniS,
1213 1566 1311 1634 atque
1338 1576 1368 1617 aa
1436 1621 1437 1652 ἐ

222 1667 326 1725 vellem
348 1665 484 1737 evulgare
511 1665 547 1722 ad
570 1665 781 1736 gloriamini,
812 1681 960 1738 sperarem
992 1666 1068 1724 enirn
1097 1666 1223 1739 aliquem
1250 1663 1367 1724 fructum
1436 1719 1437 1740 ξ

223 1770 290 1828 inde
311 1769 482 1827 rediturum.
515 1766 587 1825 Sunt
606 1768 721 1840 quidem
742 1769 847 1840 passini
868 1769 984 1840 plurimi
1005 1769 1081 1842 libri,
1103 1771 1155 1828 sed
1176 1771 1262 1828 amici
1282 1770 1369 1828 solent

221 1892 275 1947 per
294 1874 406 1932 ltaliam
428 1889 542 1943 corum,
571 1890 642 1946 quos
670 1875 723 1946 ipsi
745 1873 903 1931 domestica
929 1875 1084 1947 aliquando
1115 1882 1267 1938 noverunt.
1288 1875 1369 1934 libros

222 1978 360 2036 libentius
380 1979 494 2049 legere,
516 1982 660 2050 praeterea
681 1976 757 2047 dixi,
779 1995 824 2035 rna
846 1977 882 2035 da
904 1980 966 2048 ipsa
985 1979 1072 2038 ltalia
1092 1980 1201 2054 aliquid
1223 1981 1292 2039 boni
1313 1997 1370 2054 spe·

223 2101 299 2144 rara.
339 2084 447 2142 Verum
469 2082 559 2156 qnid?
581 2100 650 2142 cum
671 2099 736 2140 mea
756 2085 925 2154 gravissima
945 2084 1087 2157 agritudo
1108 2084 1240 2157 profecto
1260 2100 1307 2143 me
1327 2101 1371 2142 ex·

223 2191 361 2260 hauserit,
383 2206 440 2247 non
462 2188 563 2259 habeo,
585 2189 661 2247 unde
684 2195 827 2262 sumptum
849 2188 959 2247 faciani.
997 2190 1132 2264 Supplico
1153 2192 1243 2263 igitur
1265 2191 1370 2249 Vestra

224 2293 605 2366 PlentissimaeOelsitudini,
628 2301 660 2352 ut
680 2296 815 2368 dignetur·
835 2301 972 2369 contenta
994 2312 1067 2367 esse,
1089 2297 1228 2355 mandare
1250 2297 1371 2368 Georgia

222 2401 403 2473 typographo
424 2400 469 2457 vel
497 2401 598 2471 matri,
632 2407 663 2458 ut
683 2401 828 2472 imprimat
850 2401 873 2456 V
876 2409 955 2459 estro
982 2401 1118 2474 sumptu¹
1140 2402 1245 2460 Latina
1273 2404 1372 2472 ornnia,

222 2523 285 2578 qnae
310 2509 377 2562 sunt
397 2506 509 2564 Vestrae
537 2504 707 2564 Celsitudini
736 2505 887 2578 dedicata,
920 2506 1162 2578 quemadmodum
1192 2507 1297 2565 Italica
1323 2506 1371 2577 his,

223 2611 272 2682 qui
292 2609 389 2667 italice
410 2616 524 2668 norunt.
557 2611 651 2669 Credo
674 2586 817 2684 sumptum
839 2610 968 2670 futurum
987 2619 1103 2672 centum
1123 2611 1301 2670 florenorum
1322 2612 1372 2670 cir-

223 2719 310 2788 citer;
331 2717 356 2774 si
375 2733 488 2788 possein
510 2715 545 2775 de
567 2733 639 2788 meo,
662 2718 742 2776 Deus
763 2717 825 2788 scit,
848 2717 924 2790 qnod
945 2734 1002 2776 non
1018 2734 1111 2776 essem
1124 2717 1275 2776 molestus.
1303 2716 1370 2774 Sunt

220 2825 281 2895 jam
302 2821 358 2879 duc
379 2822 447 2879 anni
468 2829 498 2880 et
526 2823 663 2896 amplius,
695 2823 799 2896 quibus
825 2823 1014 2894 perniuncnla
1040 2827 1239 2880 trecentorum
1263 2821 1371 2880 franco·

223 2945 295 2996 rum,
316 2943 401 2999 quarn
423 2925 492 2984 mihi
514 2926 655 2986 Hearicus
677 2927 704 2984 ll
726 2926 819 2986 felicis
840 2928 1050 2986 recordationis
1071 2929 1264 2986 constituerat
1272 2925 1293 3000 ²,
1314 2943 1371 2985 ema

223 3035 346 3106 primum
368 3050 402 3091 ax
423 3039 531 3107 papatu
553 3031 698 3106 fugissem,
720 3033 791 3092 mihi
812 3051 867 3092 non
890 3034 1019 3102 solvitur,
1042 3040 1072 3091 et
1093 3039 1206 3104 metuo,
1229 3049 1266 3090 ne
1287 3049 1368 3106 papa·

223 3145 270 3196 tus
291 3139 344 3196 hoc
366 3139 452 3196 etiam
473 3138 684 3196 incommodum
705 3139 773 3196 mihi
795 3137 913 3206 iecerit,
942 3139 1056 3210 quando
1082 3138 1176 3196 minus
1203 3155 1276 3211 opus
1305 3145 1368 3207 erat,

223 3242 278 3299 hoc
299 3243 393 3299 estin
414 3247 573 3311 senectute,
595 3241 647 3300 sed
668 3240 719 3300 fiat
741 3243 872 3300 voluntas
893 3240 958 3313 Dei,
980 3259 1037 3300 non
1059 3241 1174 3301 auferet
1195 3242 1264 3305 mihi
1278 3243 1367 3300 Jesunr

177 3327 183 3342 ⁸
225 3345 379 3416 Christum,
401 3345 449 3404 ubi
465 3353 538 3404 sunt
559 3363 630 3406 aneae
652 3347 771 3420 divitiae,
794 3348 839 3405 cui
860 3363 985 3405 summas
998 3347 1108 3421 gratias
1121 3363 1186 3422 ago,
1208 3347 1287 3421 quod
1307 3346 1367 3404 mihi

225 3455 335 3506 tanturn
357 3449 461 3507 bonum
482 3451 666 3509 revelaverit.

385 3553 592 3613 Illustrissimaa
614 3555 800 3614 Celsitndinis
822 3556 933 3616 Vestrae
954 3556 1069 3614 humilis
1089 3559 1216 3616 servitor

1129 3659 1296 3732 Vergerius.

768 3897 834 3952 248.

533 4007 654 4092 Verger
677 4032 720 4073 an
743 4009 861 4095 herzog
884 4008 1067 4094 Christoph.

472 4201 474 4206 ,
511 4132 592 4189 Olrne
615 4131 933 4203 anter-sch1·ift,datum
956 4133 1014 4190 und
1036 4139 1093 4190 ort.

790 4238 804 4270 ss

298 4314 309 4366 l
331 4312 357 4366 S.
380 4331 406 4366 n.
429 4313 486 4366 166.

295 4401 311 4450 2
330 4399 357 4453 S.
376 4417 402 4454 n.
422 4400 481 4452 204Δ
