2830 5078
788 605 835 662 66.

538 733 664 820 Verger
686 757 728 800 an
751 736 870 822 herzog
893 734 1079 820 Chrisboph.

606 867 756 940 Ttlbingen
781 871 815 925 16
836 869 906 926 Juni
929 869 1014 925 1558.

305 987 394 1059 Fragt
412 1005 449 1042 an
467 1005 565 1058 wegen
584 987 701 1053 blicher,
723 987 768 1043 die
787 987 859 1044 noch
878 975 1034 1042 Ostorreich
1052 985 1168 1042 bestellt
1186 986 1257 1040 sind.
1292 984 1364 1040 Nech-

234 1083 345 1138 richtcn
363 1083 434 1138 iiber
453 1083 498 1137 die
519 1083 584 1152 lege
611 1081 660 1137 der
678 1082 901 1152 Evangeliechcn
927 1082 958 1137 in
977 1081 1138 1145 Kbrnthen,
1167 1081 1214 1135 die
1233 1079 1364 1135 aulnahmc

233 1181 332 1235 zwcicr
350 1179 566 1236 kbrnthnischer
580 1179 731 1249 jbnglinge
750 1178 780 1232 in
799 1178 848 1234 das
867 1177 988 1234 semintm
1011 1196 1045 1231 zu
1063 1175 1230 1246 Tiibingen,
1262 1175 1306 1230 die
1321 1193 1365 1230 ver-

234 1276 354 1346 folgung
372 1275 422 1330 der
438 1276 634 1345 protestantem
658 1274 688 1328 in
706 1273 823 1339 Italion3
851 1274 937 1329 bittet
961 1291 1008 1328 um
1033 1273 1114 1328 einen
1140 1271 1317 1343 geleitsbrief
1335 1271 1365 1323 iir

232 1371 330 1426 scinen
349 1373 452 1426 neffen.
1188 1369 1191 1372 ’

312 1470 509 1528 illustrissime
530 1470 670 1542 Princeps
692 1475 722 1526 ct
742 1469 866 1526 Domine
887 1469 1010 1526 Domine
1033 1466 1277 1526 Clementissime!

314 1575 441 1633 Tandem
463 1572 531 1648 (Dei
552 1573 707 1649 beneficio)
737 1576 842 1632 emersi
872 1591 908 1631 ox
935 1575 1060 1642 lectulo,
1092 1571 1141 1628 ubi
1165 1571 1278 1642 aliquot
1297 1571 1366 1642 septi-

161 1675 163 1677 ’
233 1697 333 1738 manas
361 1679 493 1738 decubui.
535 1678 603 1736 Fiat
631 1677 763 1734 voluntas
783 1677 915 1734 Domini!
956 1675 1004 1734 Sic
1030 1691 1082 1733 nos
1112 1674 1186 1730 solet
1217 1673 1270 1730 sub
1300 1688 1365 1729 crure

233 1782 320 1840 modo
349 1781 419 1852 hac,
447 1782 532 1840 modo
559 1779 610 1838 illa
639 1795 776 1838 exercere
799 1779 926 1837 coelestis
947 1778 1044 1836 Peter.
1085 1778 1172 1835 Certe
1193 1777 1296 1834 videor
1315 1776 1365 1833 miii

234 1903 308 1944 nunc
329 1887 437 1944 sentire
459 1885 583 1944 lructum
605 1891 692 1956 atque
715 1877 918 1942 excitationem
939 1889 990 1940 aut
1011 1884 1097 1939 etiam
1119 1887 1306 1954 augmentum
1325 1882 1365 1952 spi·

232 1995 313 2050 ritus.
346 1991 453 2064 Accepi
475 2008 491 2048 a
512 1991 539 2048 d.
561 1989 708 2048 Phausero
720 1989 738 2058 ¹,
759 1989 933 2048 serenissimi
943 1988 1133 2046 Bohemorum
1146 1988 1225 2058 regis
1235 1987 1366 2044 conciona-

232 2102 306 2170 tore,
327 2097 450 2165 litteras,
474 2096 522 2166 qui
549 2095 681 2166 scripsit,
711 2094 836 2152 nondum
864 2093 1057 2167 comparuisse
1085 2091 1192 2160 libros,
1224 2107 1298 2163 quos
1315 2089 1366 2146 lllu·

230 2200 372 2258 strissima
393 2197 542 2256 Celsitudo
562 2197 668 2254 Vestra
688 2195 885 2255 Franciordiae
903 2197 990 2268 Jussit
1010 2197 1171 2268 comparari
1192 2200 1222 2252 et
1242 2195 1365 2252 Viennam

229 2302 314 2360 mitti.
355 2301 468 2359 Deinde
490 2305 575 2372 urget
595 2317 650 2372 mc,
671 2307 703 2358 ut
724 2307 831 2372 quanto
851 2299 958 2372 possim
986 2299 1083 2370 citius,
1114 2299 1224 2370 aliquot
1252 2299 1279 2354 ci
1306 2313 1367 2356 com·
1409 2279 1410 2294 ἶ

228 2423 327 2476 parem
355 2411 442 2480 atque
474 2406 602 2475 mittam,
634 2405 713 2477 quod
740 2403 851 2462 sociam.
894 2404 1000 2464 Scribit
1021 2405 1117 2474 etiam,
1146 2403 1201 2460 sibi
1222 2404 1274 2460 uni
1294 2401 1366 2458 fuisse

228 2523 354 2578 parsum,
377 2505 560 2582 (quamquam
582 2507 742 2564 clanculum
764 2507 853 2564 sentit
873 2507 927 2566 sibi
947 2508 1043 2578 parari
1064 2507 1250 2580 gravissimas
1264 2507 1368 2566 insidias

230 2628 247 2668 a
269 2611 398 2684 Stephilo
411 2609 434 2682 ²,
464 2627 548 2683 quem
576 2611 618 2668 ait
639 2627 701 2670 esse
722 2612 752 2668 in
774 2628 877 2682 magua
897 2613 1071 2674 autoritate.
1105 2618 1192 2684 atque
1212 2629 1230 2668 a
1248 2610 1366 2684 jesuitis)

227 2714 355 2788 reliquos
375 2718 472 2771 autem
493 2713 718 2783 concionatores,
741 2714 788 2784 qui
810 2719 893 2770 erant
913 2715 943 2774 in
955 2715 1074 2772 dustria
1089 2722 1119 2772 et
1130 2717 1286 2774 veritatem
1302 2715 1368 2773 vide·

229 2816 336 2875 bantur
356 2834 457 2888 nosse,
485 2814 572 2874 luisse
598 2833 701 2888 magna
728 2817 881 2874 insolentia
901 2817 1069 2890 profligatos
1089 2826 1175 2892 etque
1197 2821 1366 2888 exturbatos,

229 2929 261 2980 ut
282 2939 427 2996 nunquam
448 2923 563 2994 gravior
583 2921 672 2982 fucrit
692 2923 750 2979 illic
770 2923 800 2980 in
817 2928 931 2980 nostros
946 2925 1120 2996 persecutio.
1152 2925 1261 2997 Accepi
1273 2921 1368 2982 deinde

229 3045 265 3086 cx
286 3027 421 3086 Carrriola
442 3029 572 3099 litteras,
600 3027 703 3100 quibus
724 3027 791 3084 mihi
819 3026 1013 3101 significatur,
1040 3044 1173 3099 magnam
1192 3027 1283 3086 fuisse
1305 3029 1370 3084 inter·

228 3148 326 3190 omnes
346 3134 409 3204 pios
429 3131 561 3188 laetitiam
588 3133 758 3203 excitatam,
787 3131 836 3188 ubi
865 3147 900 3188 cx
926 3127 1034 3189 litteris
1061 3134 1132 3188 meis
1160 3133 1369 3198 intellexeruut,

227 3235 360 3296 Vestram
383 3235 590 3294 Celsitudinem
607 3236 737 3308 jussisse,
759 3241 791 3292 ut
812 3236 923 3294 duobus
940 3235 1119 3294 (larniolmris
1140 3237 1238 3308 pocus
1258 3236 1370 3294 daretur

226 3340 306 3398 locus
326 3341 356 3397 in
376 3339 521 3412 stipendio
542 3340 697 3414 labinum,
726 3347 813 3414 atque
840 3358 938 3400 omnes
960 3357 1017 3400 uno
1038 3357 1088 3399 ore
1109 3357 1198 3413 agere
1218 3342 1329 3412 gratias
1347 3342 1371 3394 et

226 3461 311 3503 orare
331 3445 424 3502 Deum
444 3460 496 3516 pro
519 3461 567 3517 ea3
590 3447 675 3504 etiam
697 3447 781 3518 pueri
802 3447 991 3528 advenerunt,
1014 3455 1043 3505 et
1064 3453 1131 3506 sunt
1151 3449 1179 3505 in
1202 3446 1355 3520 stipendio.

304 3548 474 3606 Celebratus
495 3547 549 3606 fuit
570 3555 727 3608 conventus
746 3529 958 3624 provinciarum
979 3550 1084 3623 Stiriae,
1107 3551 1281 3620 Corinthiae,
1310 3551 1371 3607 Cur·

225 3654 310 3711 niolae
332 3659 401 3720 etc,
429 3651 478 3708 nbi
504 3655 700 3712 communibus
721 3656 846 3712 omnium
867 3655 942 3714 votis
969 3661 1107 3714 statutum
1135 3661 1180 3714 est
1206 3655 1241 3712 de
1271 3657 1372 3712 iterum

225 3759 355 3830 urgendo
377 3763 407 3815 et
427 3757 615 3830 supplicando
632 3759 709 3831 apud
723 3759 875 3827 Caesarem,
898 3767 928 3818 et
949 3759 985 3818 de
1006 3760 1192 3832 adjungenda
1212 3761 1302 3816 etiam
1323 3755 1372 3816 sibi

224 3863 253 3920 in
276 3879 311 3920 ea
331 3878 363 3919 re
384 3861 641 3919 illustrissimorum
663 3861 826 3918 Germanice
847 3862 1007 3934 principum
1034 3861 1259 3932 intercessione,
1291 3868 1323 3918 ut
1342 3859 1372 3916 li-

224 3971 288 4022 ceat
307 3965 365 4022 illis
385 3962 543 4022 reformare
565 3962 601 4020 ad
621 3978 749 4020 normam
770 3963 912 4036 evangelii
933 3979 1033 4022 eorum
1047 3965 1193 4023 ecclesias.
1222 3965 1373 4023 Praeterea

223 4069 336 4139 publico
358 4068 475 4128 decreto
496 4072 660 4125 statuerunt
681 4067 717 4124 de
744 4065 920 4126 conferenda
945 4069 1070 4140 pecunie
1096 4070 1126 4126 in
1147 4068 1313 4127 versionem
1333 4067 1372 4124 bi·

785 4207 800 4240 *

294 4313 306 4363 1
327 4311 392 4380 vgl.
411 4328 437 4364 n.
460 4311 527 4362 (ila.

292 4397 309 4448 2
328 4396 393 4466 Vgl.
411 4413 438 4449 u.
457 4396 499 4450 62.
