2852 5076
755 348 817 411 100
1291 340 1348 396 1555

214 537 370 593 cessurum,
392 517 497 578 deinde
518 533 536 576 a
555 515 662 578 talibus
682 519 805 592 scriptis,
827 536 891 594 qnae
905 517 1018 596 possint
1037 519 1098 577 sine
1118 515 1215 577 fructu
1235 519 1350 590 irritare,

213 632 450 702 temperaturum.

291 732 359 790 Fiet
385 735 558 803 utrumqne,
589 734 649 788 tum
675 729 743 802 quia
763 727 869 788 Vestra
889 725 1038 788 (lelsitudo
1065 726 1107 785 ita
1126 727 1270 801 imperat,
1298 730 1352 784 tun

214 838 283 913 quia
303 852 390 909 cogor
411 835 473 896 dies
491 840 648 908 noctesque
668 835 697 892 in
718 838 801 892 textu
822 833 912 908 ipsius
933 832 1077 906 evangelii
1096 833 1239 904 laborare,
1261 831 1353 890 videli-

215 949 263 1003 cet
290 948 323 1001 nt
352 939 458 1015 possim
488 939 706 999 subministrare
733 939 794 1012 his,
830 937 880 1012 qui
913 937 1046 997 laborant
1079 937 1219 996 vertendo
1251 937 1354 996 Nouum

214 1048 432 1107 Testamentum
451 1047 481 1103 in
502 1045 629 1117 linguam
650 1043 801 1117 Slavicam,
823 1061 860 1102 ex
879 1042 977 1102 multis
992 1059 1041 1101 eas
1055 1043 1211 1114 versiones,
1233 1059 1299 1115 qnae
1314 1043 1354 1114 ju·

213 1154 289 1212 dicio
300 1153 413 1226 piorum
424 1149 567 1208 habentur
578 1149 719 1207 meliores.
741 1147 848 1205 Verum
863 1145 995 1205 obtestor
1005 1144 1212 1204 celsitudinem
1225 1145 1353 1204 Vestram

214 1275 268 1332 per
281 1258 362 1317 illum
371 1257 474 1330 Deum,
495 1255 542 1315 cni
558 1254 701 1314 servimus
722 1270 820 1312 omnes
841 1253 903 1325 ejus
923 1250 985 1326 filii,
1007 1257 1039 1309 ut
1058 1267 1104 1309 me
1124 1251 1254 1320 patiatur
1273 1267 1355 1322 panea

214 1362 310 1421 adhuc
330 1361 425 1420 dicere
447 1359 483 1418 de
504 1365 628 1434 utroque
649 1359 752 1432 capite.
794 1358 828 1416 In
848 1373 913 1416 mea
933 1355 1029 1431 patria
1049 1355 1173 1414 cessavit
1193 1356 1299 1427 pestis,
1326 1355 1355 1412 il·

214 1468 270 1527 lico
291 1483 360 1526 vero
382 1481 456 1540 papa
483 1466 560 1524 misit
586 1481 689 1524 novum
719 1481 810 1537 genus
835 1461 1074 1532 sacrificulorum,
1105 1460 1155 1533 qui
1182 1475 1214 1518 se
1235 1459 1356 1518 Jesuitas

215 1568 376 1643 appellant,
397 1574 485 1641 atque
506 1568 536 1625 hi
557 1567 629 1626 nihil
650 1566 729 1626 aliud
749 1571 864 1639 urgent,
886 1582 970 1638 quam
991 1570 1024 1624 ut
1044 1563 1168 1622 heredes
1182 1564 1356 1622 mortuorum

214 1672 369 1732 numerent
388 1688 441 1746 pro
462 1670 554 1729 missis
575 1668 778 1742 Gregorianis,
805 1685 894 1743 qnare
915 1669 996 1727 Deus
1016 1668 1080 1742 ipse
1100 1684 1147 1726 me
1168 1667 1301 1742 impulit,
1328 1669 1357 1726 ut

216 1794 295 1837 meos
321 1793 402 1836 caros
429 1775 635 1850 compatriotas
659 1791 822 1846 monerem,
850 1791 887 1832 ne
916 1772 1048 1832 sinerent
1074 1790 1105 1832 se
1134 1773 1247 1847 decipi,
1275 1775 1356 1847 utque

213 1878 421 1955 patefacerem,
443 1896 507 1954 quae
531 1878 571 1938 sit
592 1878 673 1953 origo
695 1878 810 1938 illarum
829 1878 916 1936 XXX
936 1877 1086 1937 missarum
1106 1878 1357 1952 Gregorianarnm,

214 1985 270 2044 hcc
290 1986 345 2056 est,
368 2001 404 2044 ex
424 2001 504 2044 mera
523 1981 629 2042 fabula.
670 1981 794 2042 Obediri
814 2000 884 2056 ergo
905 1981 1027 2056 Spiritui
1053 1983 1168 2055 sancto,
1195 1981 1277 2040 volni
1292 1981 1357 2040 mit·

213 2091 278 2149 tere
305 2087 443 2168 priuatim
464 2085 617 2161 epistolam
637 2104 702 2146 mea
722 2103 808 2146 mann
829 2086 964 2159 scriptam
985 2086 1022 2144 ad
1042 2103 1139 2156 meos,
1171 2104 1229 2145 non
1253 2085 1359 2158 placuit

215 2194 293 2268 De03
322 2209 357 2253 oa
383 2193 461 2252 enim
488 2191 597 2251 excidit
618 2208 634 2250 e
655 2190 720 2251 sinu
740 2189 866 2250 ministri
887 2189 1137 2265 campidunensis,
1166 2190 1357 2264 pervenitque

215 2295 253 2354 ad
279 2311 387 2368 regem.
435 2292 492 2352 Hic
520 2309 584 2368 qnae
611 2309 676 2352 mea
701 2294 786 2367 culpa
812 2293 872 2352 estl
913 2293 1025 2352 Eadem
1056 2297 1101 2354 est
1131 2293 1208 2354 ratio
1240 2295 1358 2355 alterins

214 2399 328 2473 seripti;
350 2398 481 2459 nonnulli
502 2398 577 2458 enim
598 2397 805 2472 consanguinei
825 2399 940 2470 norunt,
958 2397 1115 2471 justificari
1135 2399 1280 2460 hominem
1302 2400 1359 2460 sola
1420 2399 1421 2479 j

213 2504 285 2576 fide,
315 2505 348 2564 at
372 2503 556 2564 nihilominus
576 2503 774 2563 contaminant
793 2521 824 2564 se
850 2502 960 2564 illicitis
987 2503 1129 2578 cultibus,
1160 2507 1192 2564 et
1219 2507 1306 2580 ajunt
1330 2505 1358 2563 id
1417 2528 1423 2609 p

214 2608 311 2682 licere,
332 2608 400 2683 qnia
414 2610 456 2670 sic
467 2611 530 2684 ajat
539 2608 693 2671 cardinalis
704 2609 799 2682 Polus,
820 2626 838 2668 a
858 2626 914 2684 quo
934 2611 1063 2684 pendent
1082 2608 1208 2671 libenter
1229 2610 1309 2687 (nam
1328 2609 1359 2668 li·
1417 2612 1422 2660 l

212 2715 317 2774 benter
337 2712 452 2789 lugiunt
472 2713 600 2790 crucem)
620 2715 757 2788 tanquam
783 2713 819 2772 ab
840 2714 971 2787 apostolo
992 2715 1130 2788 quodem,
1162 2713 1243 2774 volni
1263 2714 1359 2789 itaque

214 2837 264 2879 eos
285 2835 415 2893 monere,
437 2820 579 2892 quomodo
600 2835 632 2876 se
651 2836 750 2878 eornm
770 2820 919 2892 apostolus
938 2818 1064 2894 gesserit
1091 2839 1168 2881 nunc
1192 2820 1223 2878 in
1245 2822 1358 2895 Anglin.
1423 2853 1425 2908 3

213 2923 324 2999 Scripsi
344 2941 415 2999 ergo
435 2924 584 2997 privatim,
606 2924 731 2998 epistola
750 2924 808 2984 alio
828 2924 972 2997 pervenit.
1013 2925 1084 2997 Quae
1105 2941 1170 2983 nam
1190 2943 1256 2984 mea
1275 2927 1358 2998 culpa
1417 2911 1425 3010 1

214 3029 280 3089 est?
321 3030 379 3090 Sed
400 3029 425 3088 si
446 3031 632 3090 nihilominus
653 3027 802 3086 Gelsitudo
824 3028 929 3086 Vestra
949 3033 1033 3100 putat
1056 3045 1101 3087 me
1128 3045 1279 3103 peccasse,
1308 3046 1360 3104 ego

214 3135 257 3194 illi
276 3137 368 3210 magis
389 3135 503 3194 credam
524 3151 609 3210 quam
630 3132 714 3206 mihi,
739 3142 865 3208 petoque
885 3134 1048 3198 humiliter.
1078 3135 1118 3192 ut
1131 3133 1200 3192 mihi
1221 3136 1358 3207 ignoscat
1424 3195 1425 3198 Ἴ

295 3239 378 3310 Quod
398 3238 435 3297 ad
456 3239 579 3298 alterum
601 3239 688 3313 caput
708 3239 743 3297 de
764 3237 945 3298 habitatione
970 3240 1091 3312 attinet,
1121 3237 1206 3298 testis
1227 3240 1275 3297 est
1292 3237 1360 3297 mihi

214 3344 346 3403 dominus
365 3345 547 3416 provincialis
567 3350 598 3404 et
608 3344 636 3402 d.
649 3341 795 3413 Breitius,
816 3361 861 3404 me
882 3349 950 3404 ante
970 3350 1030 3404 tres
1051 3345 1112 3403 dies
1132 3345 1289 3416 scripsisse,
1310 3359 1355 3401 me

213 3449 298 3506 malle
318 3449 415 3507 vivere
435 3449 465 3505 in
486 3447 583 3521 aliquo
597 3447 712 3506 deserto
725 3447 788 3506 loco
805 3447 903 3522 (quam
917 3447 976 3524 hic)
998 3449 1029 3506 et
1046 3448 1111 3506 illos
1124 3463 1251 3521 rogasse,
1273 3449 1305 3508 nt
1316 3463 1360 3505 me

214 3553 291 3628 apud
303 3551 510 3612 Celsitudinem
523 3551 654 3611 Vestram
668 3553 814 3624 juvarent,
827 3570 884 3625 quo
899 3569 1010 3624 possem
1025 3551 1156 3611 habitare
1177 3550 1259 3627 (dum
1272 3553 1359 3626 pestis

214 3663 363 3731 grassatur
383 3655 537 3732 Tubingae)
567 3658 597 3714 in
624 3655 813 3730 Sindelphing
826 3656 848 3727 ¹,
881 3656 930 3715 ubi
955 3656 1065 3717 scilicet
1093 3656 1119 3714 d.
1146 3655 1284 3715 Brentins
1307 3655 1360 3714 ali·

1422 3031 1425 3174 l

213 3758 438 3838 quandogoegit,
460 3760 509 3820 ubi
529 3762 634 3835 possim
652 3757 771 3820 Patrem
793 3763 938 3820 coelestem
960 3762 1022 3821 sine
1041 3761 1121 3820 metu
1142 3766 1173 3818 et
1190 3762 1253 3820 sine
1267 3759 1359 3819 turbis
1423 3789 1424 3826 ,

212 3865 356 3939 inuocare,
377 3882 497 3940 pascere
518 3867 640 3924 animam
656 3883 748 3924 meam
770 3867 834 3924 cibo
856 3866 1008 3940 evangelii,
1029 3867 1117 3939 atque
1138 3863 1227 3924 etiam
1247 3866 1359 3938 scriptis
1423 3931 1424 3940 χ

210 3973 314 4045 juvare
335 3987 413 4030 meos
430 3969 545 4044 iratres,
562 3971 665 4044 quibus
679 3970 794 4030 minime
812 3973 857 4031 est
869 3989 1004 4032 concessa
1016 3970 1185 4046 praedicatio
1208 3968 1358 4043 evangelii.
1423 3945 1424 4028 l

213 4075 283 4135 Dixi
302 4075 332 4134 in
353 4077 416 4136 tota
436 4093 531 4135 causa.
561 4076 646 4135 Nunc
659 4077 788 4151 supplico
799 4077 933 4138 Vestram
945 4075 1162 4146 celsitudinem,
1179 4074 1359 4148 ntdignetnr
1423 4067 1424 4152 1

213 4179 284 4240 mihi
302 4179 384 4240 illum
404 4183 498 4242 locum
519 4182 708 4256 Sindelphing
728 4185 903 4255 concedere,
927 4198 994 4242 nam
1014 4199 1049 4242 eo
1070 4179 1178 4240 vocabo
1199 4181 1271 4240 duos
1288 4194 1357 4252 pau·
1423 4153 1424 4216 l

778 4307 793 4340 *

285 4402 298 4454 1
318 4383 518 4470 Sindeliingen,
537 4398 646 4454 kleines
658 4399 816 4465 stadtchen,
835 4400 987 4455 detunden
999 4415 1054 4454 ron
1067 4398 1214 4468 Stuttgart
1227 4394 1355 4452 entiernt.
