<?xml version="1.0" encoding="UTF-8"?>
<!DOCTYPE html PUBLIC "-//W3C//DTD XHTML 1.0 Transitional//EN"
    "http://www.w3.org/TR/xhtml1/DTD/xhtml1-transitional.dtd">
<html xmlns="http://www.w3.org/1999/xhtml" xml:lang="en" lang="en">
 <head>
  <title>
</title>
<meta http-equiv="Content-Type" content="text/html;charset=utf-8" />
  <meta name='ocr-system' content='tesseract 3.04.00' />
  <meta name='ocr-capabilities' content='ocr_page ocr_carea ocr_par ocr_line ocrx_word'/>
</head>
<body>
  <div class='ocr_page' id='page_1' title='image "./briefwechselzwi01verggoog/briefwechselzwi01verggoog_0430.png"; bbox 0 0 2862 5080; ppageno 0'>
   <div class='ocr_carea' id='block_1_1' title="bbox 70 357 658 423">
    <p class='ocr_par' dir='ltr' id='par_1_1' title="bbox 70 357 658 423">
     <span class='ocr_line' id='line_1_1' title="bbox 70 357 658 423; baseline 0.003 -2"><span class='ocrx_word' id='word_1_1' title='bbox 70 357 129 413; x_wconf 75' lang='grc'>1564</span> <span class='ocrx_word' id='word_1_2' title='bbox 596 361 658 423; x_wconf 82' lang='grc'><strong>419</strong></span> 
     </span>
    </p>
   </div>
   <div class='ocr_carea' id='block_1_2' title="bbox 65 528 1201 1228">
    <p class='ocr_par' dir='ltr' id='par_1_2' title="bbox 65 528 1201 1228">
     <span class='ocr_line' id='line_1_2' title="bbox 67 528 1201 603; baseline 0 -15"><span class='ocrx_word' id='word_1_3' title='bbox 67 535 249 600; x_wconf 82' lang='lat' dir='ltr'><strong>numerentur,</strong></span> <span class='ocrx_word' id='word_1_4' title='bbox 270 533 356 602; x_wconf 90' lang='lat' dir='ltr'><strong>prout</strong></span> <span class='ocrx_word' id='word_1_5' title='bbox 376 529 553 602; x_wconf 79' lang='lat' dir='ltr'><strong>aliquamdiu</strong></span> <span class='ocrx_word' id='word_1_6' title='bbox 575 530 719 588; x_wconf 86' lang='lat' dir='ltr'><strong>numerati</strong></span> <span class='ocrx_word' id='word_1_7' title='bbox 736 528 864 603; x_wconf 82' lang='lat' dir='ltr'><strong>luerunt,</strong></span> <span class='ocrx_word' id='word_1_8' title='bbox 886 537 936 588; x_wconf 86' lang='lat' dir='ltr'><strong>aut</strong></span> <span class='ocrx_word' id='word_1_9' title='bbox 955 536 986 589; x_wconf 91' lang='lat' dir='ltr'><strong>ut</strong></span> <span class='ocrx_word' id='word_1_10' title='bbox 1002 529 1201 590; x_wconf 87' lang='lat' dir='ltr'><strong>serenissimus</strong></span> 
     </span>
     <span class='ocr_line' id='line_1_3' title="bbox 66 631 1200 708; baseline 0.001 -17"><span class='ocrx_word' id='word_1_11' title='bbox 66 650 110 691; x_wconf 83' lang='lat' dir='ltr'><strong>rex</strong></span> <span class='ocrx_word' id='word_1_12' title='bbox 128 649 186 692; x_wconf 88' lang='lat' dir='ltr'><strong>rem</strong></span> <span class='ocrx_word' id='word_1_13' title='bbox 207 637 295 691; x_wconf 88' lang='lat' dir='ltr'><strong>totam</strong></span> <span class='ocrx_word' id='word_1_14' title='bbox 316 631 477 704; x_wconf 80' lang='lat' dir='ltr'><strong>intelligat:</strong></span> <span class='ocrx_word' id='word_1_15' title='bbox 509 649 574 692; x_wconf 87' lang='lat' dir='ltr'><strong>nem</strong></span> <span class='ocrx_word' id='word_1_16' title='bbox 600 633 654 707; x_wconf 90' lang='lat' dir='ltr'><strong>ipsi</strong></span> <span class='ocrx_word' id='word_1_17' title='bbox 677 633 820 708; x_wconf 76' lang='lat' dir='ltr'><strong>Vergerio</strong></span> <span class='ocrx_word' id='word_1_18' title='bbox 846 633 956 707; x_wconf 84' lang='lat' dir='ltr'><strong>aliquot</strong></span> <span class='ocrx_word' id='word_1_19' title='bbox 982 639 1096 692; x_wconf 85' lang='lat' dir='ltr'><strong>eentum</strong></span> <span class='ocrx_word' id='word_1_20' title='bbox 1126 631 1200 692; x_wconf 87' lang='lat' dir='ltr'><strong>doti·</strong></span> 
     </span>
     <span class='ocr_line' id='line_1_4' title="bbox 66 735 1199 814; baseline 0.001 -19"><span class='ocrx_word' id='word_1_21' title='bbox 66 745 160 796; x_wconf 85' lang='lat' dir='ltr'>nentur</span> <span class='ocrx_word' id='word_1_22' title='bbox 178 737 206 795; x_wconf 91' lang='lat' dir='ltr'><strong>in</strong></span> <span class='ocrx_word' id='word_1_23' title='bbox 229 736 308 797; x_wconf 86' lang='lat' dir='ltr'><strong>curia</strong></span> <span class='ocrx_word' id='word_1_24' title='bbox 329 735 378 812; x_wconf 86' lang='grc' dir='ltr'>(ιιι</span> <span class='ocrx_word' id='word_1_25' title='bbox 396 737 532 814; x_wconf 79' lang='lat' dir='ltr'><strong>diximus)</strong></span> <span class='ocrx_word' id='word_1_26' title='bbox 546 737 751 807; x_wconf 84' lang='lat' dir='ltr'><strong>ministrorum,</strong></span> <span class='ocrx_word' id='word_1_27' title='bbox 774 747 804 796; x_wconf 85' lang='lat' dir='ltr'><strong>et</strong></span> <span class='ocrx_word' id='word_1_28' title='bbox 817 738 977 798; x_wconf 86' lang='lat' dir='ltr'><strong>oonsultum</strong></span> <span class='ocrx_word' id='word_1_29' title='bbox 995 737 1199 808; x_wconf 83' lang='lat' dir='ltr'><strong>existimamus,</strong></span> 
     </span>
     <span class='ocr_line' id='line_1_5' title="bbox 66 839 1201 918; baseline 0 -18"><span class='ocrx_word' id='word_1_30' title='bbox 66 850 93 900; x_wconf 88' lang='grc' dir='ltr'><strong>ιι</strong></span> <span class='ocrx_word' id='word_1_31' title='bbox 110 860 159 901; x_wconf 90' lang='lat' dir='ltr'><strong>sua</strong></span> <span class='ocrx_word' id='word_1_32' title='bbox 171 841 320 914; x_wconf 84' lang='lat' dir='ltr'><strong>Msjestas,</strong></span> <span class='ocrx_word' id='word_1_33' title='bbox 343 858 408 915; x_wconf 78' lang='lat' dir='ltr'><strong>qum</strong></span> <span class='ocrx_word' id='word_1_34' title='bbox 426 842 586 914; x_wconf 87' lang='lat' dir='ltr'><strong>justissima</strong></span> <span class='ocrx_word' id='word_1_35' title='bbox 607 848 661 914; x_wconf 89' lang='lat' dir='ltr'><strong>est,</strong></span> <span class='ocrx_word' id='word_1_36' title='bbox 680 857 742 904; x_wconf 90' lang='lat' dir='ltr'><strong>rem</strong></span> <span class='ocrx_word' id='word_1_37' title='bbox 754 847 909 915; x_wconf 74' lang='lat' dir='ltr'><strong>eognoscat</strong></span> <span class='ocrx_word' id='word_1_38' title='bbox 923 841 962 918; x_wconf 87' lang='lat' dir='ltr'><strong>(si</strong></span> <span class='ocrx_word' id='word_1_39' title='bbox 976 839 1122 918; x_wconf 80' lang='lat' dir='ltr'><strong>uidetur);</strong></span> <span class='ocrx_word' id='word_1_40' title='bbox 1144 857 1201 916; x_wconf 89' lang='lat' dir='ltr'><strong>qua</strong></span> 
     </span>
     <span class='ocr_line' id='line_1_6' title="bbox 65 944 1199 1020; baseline 0 -16"><span class='ocrx_word' id='word_1_41' title='bbox 65 947 168 1018; x_wconf 89' lang='lat' dir='ltr'><strong>quidem</strong></span> <span class='ocrx_word' id='word_1_42' title='bbox 183 947 212 1004; x_wconf 93' lang='lat' dir='ltr'><strong>in</strong></span> <span class='ocrx_word' id='word_1_43' title='bbox 233 962 266 1005; x_wconf 91' lang='lat' dir='ltr'><strong>re</strong></span> <span class='ocrx_word' id='word_1_44' title='bbox 288 944 402 1006; x_wconf 84' lang='lat' dir='ltr'><strong>facietis</strong></span> <span class='ocrx_word' id='word_1_45' title='bbox 424 947 506 1005; x_wconf 91' lang='lat' dir='ltr'><strong>nohis</strong></span> <span class='ocrx_word' id='word_1_46' title='bbox 526 963 588 1004; x_wconf 86' lang='lat' dir='ltr'><strong>ronr</strong></span> <span class='ocrx_word' id='word_1_47' title='bbox 607 953 728 1020; x_wconf 81' lang='lat' dir='ltr'><strong>gratam,</strong></span> <span class='ocrx_word' id='word_1_48' title='bbox 749 945 814 1004; x_wconf 87' lang='lat' dir='ltr'><strong>aliis</strong></span> <span class='ocrx_word' id='word_1_49' title='bbox 834 947 941 1006; x_wconf 84' lang='lat' dir='ltr'><strong>nostris</strong></span> <span class='ocrx_word' id='word_1_50' title='bbox 960 945 1117 1018; x_wconf 78' lang='lat' dir='ltr'><strong>favoribus,</strong></span> <span class='ocrx_word' id='word_1_51' title='bbox 1137 945 1199 1004; x_wconf 89' lang='lat' dir='ltr'><strong>uhi·</strong></span> 
     </span>
     <span class='ocr_line' id='line_1_7' title="bbox 66 1049 1200 1124; baseline 0.002 -18"><span class='ocrx_word' id='word_1_52' title='bbox 66 1065 173 1121; x_wconf 86' lang='lat' dir='ltr'><strong>cumque</strong></span> <span class='ocrx_word' id='word_1_53' title='bbox 198 1051 366 1120; x_wconf 73' lang='lat' dir='ltr'><strong>poterimus,</strong></span> <span class='ocrx_word' id='word_1_54' title='bbox 387 1049 634 1124; x_wconf 87' lang='lat' dir='ltr'><strong>compensandam.</strong></span> <span class='ocrx_word' id='word_1_55' title='bbox 665 1049 727 1108; x_wconf 85' lang='lat' dir='ltr'><strong>Est·</strong></span> <span class='ocrx_word' id='word_1_56' title='bbox 744 1051 820 1108; x_wconf 88' lang='lat' dir='ltr'><strong>euim</strong></span> <span class='ocrx_word' id='word_1_57' title='bbox 843 1049 920 1108; x_wconf 86' lang='lat' dir='ltr'><strong>idom</strong></span> <span class='ocrx_word' id='word_1_58' title='bbox 941 1050 1097 1123; x_wconf 76' lang='lat' dir='ltr'><strong>vergerius</strong></span> <span class='ocrx_word' id='word_1_59' title='bbox 1122 1066 1200 1108; x_wconf 86' lang='lat' dir='ltr'><strong>sere·</strong></span> 
     </span>
     <span class='ocr_line' id='line_1_8' title="bbox 65 1153 1198 1228; baseline 0.001 -17"><span class='ocrx_word' id='word_1_60' title='bbox 65 1154 169 1212; x_wconf 86' lang='lat' dir='ltr'><strong>nissimo</strong></span> <span class='ocrx_word' id='word_1_61' title='bbox 189 1154 254 1228; x_wconf 80' lang='lat' dir='ltr'><strong>rogi</strong></span> <span class='ocrx_word' id='word_1_62' title='bbox 274 1153 436 1212; x_wconf 88' lang='lat' dir='ltr'><strong>mirandum</strong></span> <span class='ocrx_word' id='word_1_63' title='bbox 457 1154 485 1211; x_wconf 94' lang='lat' dir='ltr'><strong>in</strong></span> <span class='ocrx_word' id='word_1_64' title='bbox 507 1153 621 1212; x_wconf 89' lang='lat' dir='ltr'><strong>modurn</strong></span> <span class='ocrx_word' id='word_1_65' title='bbox 643 1153 778 1226; x_wconf 80' lang='lat' dir='ltr'><strong>effeetus,</strong></span> <span class='ocrx_word' id='word_1_66' title='bbox 805 1153 909 1228; x_wconf 76' lang='lat' dir='ltr'><strong>dignus</strong></span> <span class='ocrx_word' id='word_1_67' title='bbox 933 1156 1031 1227; x_wconf 84' lang='lat' dir='ltr'><strong>itaque</strong></span> <span class='ocrx_word' id='word_1_68' title='bbox 1056 1154 1139 1214; x_wconf 93' lang='lat' dir='ltr'><strong>nobis</strong></span> <span class='ocrx_word' id='word_1_69' title='bbox 1158 1155 1198 1214; x_wconf 85' lang='lat' dir='ltr'><strong>vi·</strong></span> 
     </span>
    </p>
   </div>
   <div class='ocr_carea' id='block_1_3' title="bbox 66 1257 878 1332">
    <p class='ocr_par' dir='ltr' id='par_1_3' title="bbox 66 1257 878 1332">
     <span class='ocr_line' id='line_1_9' title="bbox 66 1257 878 1332; baseline 0.004 -17"><span class='ocrx_word' id='word_1_70' title='bbox 66 1257 150 1328; x_wconf 91' lang='lat' dir='ltr'><strong>detur,</strong></span> <span class='ocrx_word' id='word_1_71' title='bbox 172 1259 254 1332; x_wconf 77' lang='lat' dir='ltr'><strong>euJus</strong></span> <span class='ocrx_word' id='word_1_72' title='bbox 275 1259 350 1317; x_wconf 86' lang='lat' dir='ltr'><strong>ratio</strong></span> <span class='ocrx_word' id='word_1_73' title='bbox 371 1257 522 1317; x_wconf 79' lang='lat' dir='ltr'><strong>habeatur.</strong></span> <span class='ocrx_word' id='word_1_74' title='bbox 563 1259 653 1316; x_wconf 85' lang='lat' dir='ltr'><strong>Vale!</strong></span> <span class='ocrx_word' id='word_1_75' title='bbox 695 1259 802 1318; x_wconf 86' lang='lat' dir='ltr'><strong>Datum</strong></span> <span class='ocrx_word' id='word_1_76' title='bbox 822 1265 878 1318; x_wconf 87' lang='lat' dir='ltr'><strong>ete.</strong></span> 
     </span>
    </p>
   </div>
   <div class='ocr_carea' id='block_1_4' title="bbox 63 1351 1200 1851">
    <p class='ocr_par' dir='ltr' id='par_1_4' title="bbox 123 1351 727 1430">
     <span class='ocr_line' id='line_1_10' title="bbox 123 1351 727 1430; baseline -0.002 -17"><span class='ocrx_word' id='word_1_77' title='bbox 123 1351 336 1430; x_wconf 75' lang='lat' dir='ltr'><strong>nigeuhaudiga</strong></span> <span class='ocrx_word' id='word_1_78' title='bbox 355 1359 510 1416; x_wconf 73' lang='lat' dir='ltr'><strong>resolution</strong></span> <span class='ocrx_word' id='word_1_79' title='bbox 529 1360 579 1414; x_wconf 84' lang='lat' dir='ltr'><strong>des</strong></span> <span class='ocrx_word' id='word_1_80' title='bbox 597 1359 727 1430; x_wconf 78' lang='lat' dir='ltr'><strong>harnogs:</strong></span> 
     </span>
    </p>

    <p class='ocr_par' dir='ltr' id='par_1_5' title="bbox 63 1445 1200 1851">
     <span class='ocr_line' id='line_1_11' title="bbox 124 1445 1200 1518; baseline 0.002 -18"><span class='ocrx_word' id='word_1_81' title='bbox 124 1445 177 1500; x_wconf 83' lang='lat' dir='ltr'><strong>Soli</strong></span> <span class='ocrx_word' id='word_1_82' title='bbox 195 1447 255 1502; x_wconf 84' lang='lat' dir='ltr'><strong>also</strong></span> <span class='ocrx_word' id='word_1_83' title='bbox 274 1447 438 1516; x_wconf 78' lang='lat' dir='ltr'><strong>ingrosaiert</strong></span> <span class='ocrx_word' id='word_1_84' title='bbox 458 1446 567 1502; x_wconf 83' lang='lat' dir='ltr'><strong>werden</strong></span> <span class='ocrx_word' id='word_1_85' title='bbox 583 1446 628 1502; x_wconf 89' lang='lat' dir='ltr'><strong>dis</strong></span> <span class='ocrx_word' id='word_1_86' title='bbox 648 1447 820 1512; x_wconf 79' lang='lat' dir='ltr'><strong>aoeschrifl&#39;t</strong></span> <span class='ocrx_word' id='word_1_87' title='bbox 839 1448 892 1503; x_wconf 87' lang='lat' dir='ltr'><strong>soll</strong></span> <span class='ocrx_word' id='word_1_88' title='bbox 912 1449 967 1518; x_wconf 84' lang='lat' dir='ltr'><strong>bey</strong></span> <span class='ocrx_word' id='word_1_89' title='bbox 987 1449 1090 1504; x_wconf 88' lang='lat' dir='ltr'><strong>seinem</strong></span> <span class='ocrx_word' id='word_1_90' title='bbox 1102 1449 1200 1504; x_wconf 85' lang='lat' dir='ltr'><strong>dienen·</strong></span> 
     </span>
     <span class='ocr_line' id='line_1_12' title="bbox 64 1532 1198 1606; baseline 0.002 -20"><span class='ocrx_word' id='word_1_91' title='bbox 64 1532 160 1588; x_wconf 88' lang='lat' dir='ltr'><strong>erlareu</strong></span> <span class='ocrx_word' id='word_1_92' title='bbox 180 1534 306 1600; x_wconf 86' lang='lat' dir='ltr'><strong>werden,</strong></span> <span class='ocrx_word' id='word_1_93' title='bbox 337 1533 389 1588; x_wconf 85' lang='lat' dir='ltr'><strong>wie</strong></span> <span class='ocrx_word' id='word_1_94' title='bbox 414 1533 463 1588; x_wconf 88' lang='lat' dir='ltr'><strong>der</strong></span> <span class='ocrx_word' id='word_1_95' title='bbox 486 1534 598 1604; x_wconf 80' lang='lat' dir='ltr'><strong>legatus</strong></span> <span class='ocrx_word' id='word_1_96' title='bbox 617 1532 716 1596; x_wconf 82' lang='lat' dir='ltr'><strong>baille,</strong></span> <span class='ocrx_word' id='word_1_97' title='bbox 743 1535 801 1589; x_wconf 88' lang='lat' dir='ltr'><strong>und</strong></span> <span class='ocrx_word' id='word_1_98' title='bbox 818 1534 871 1590; x_wconf 90' lang='lat' dir='ltr'><strong>soll</strong></span> <span class='ocrx_word' id='word_1_99' title='bbox 891 1535 1042 1606; x_wconf 81' lang='lat' dir='ltr'><strong>Vergerius</strong></span> <span class='ocrx_word' id='word_1_100' title='bbox 1059 1535 1108 1592; x_wconf 88' lang='lat' dir='ltr'><strong>aiu</strong></span> <span class='ocrx_word' id='word_1_101' title='bbox 1126 1533 1198 1590; x_wconf 85' lang='lat' dir='ltr'><strong>alain</strong></span> 
     </span>
     <span class='ocr_line' id='line_1_13' title="bbox 63 1619 1198 1691; baseline 0.004 -21"><span class='ocrx_word' id='word_1_102' title='bbox 63 1619 159 1674; x_wconf 85' lang='lat' dir='ltr'><strong>huieflin</strong></span> <span class='ocrx_word' id='word_1_103' title='bbox 179 1619 349 1691; x_wconf 79' lang='lat' dir='ltr'><strong>geschribeu</strong></span> <span class='ocrx_word' id='word_1_104' title='bbox 370 1619 490 1684; x_wconf 85' lang='lat' dir='ltr'><strong>werden,</strong></span> <span class='ocrx_word' id='word_1_105' title='bbox 509 1619 560 1674; x_wconf 81' lang='lat' dir='ltr'><strong>des</strong></span> <span class='ocrx_word' id='word_1_106' title='bbox 578 1619 624 1674; x_wconf 88' lang='lat' dir='ltr'><strong>ioh</strong></span> <span class='ocrx_word' id='word_1_107' title='bbox 643 1621 679 1675; x_wconf 87' lang='lat' dir='ltr'><strong>ad</strong></span> <span class='ocrx_word' id='word_1_108' title='bbox 700 1619 802 1690; x_wconf 80' lang='lat' dir='ltr'><strong>petitia</strong></span> <span class='ocrx_word' id='word_1_109' title='bbox 821 1621 907 1690; x_wconf 88' lang='lat' dir='ltr'><strong>ipsius</strong></span> <span class='ocrx_word' id='word_1_110' title='bbox 928 1621 977 1676; x_wconf 85' lang='lat' dir='ltr'><strong>das</strong></span> <span class='ocrx_word' id='word_1_111' title='bbox 996 1621 1143 1677; x_wconf 87' lang='lat' dir='ltr'><strong>sohreiben</strong></span> <span class='ocrx_word' id='word_1_112' title='bbox 1162 1637 1198 1676; x_wconf 88' lang='lat' dir='ltr'><strong>an</strong></span> 
     </span>
     <span class='ocr_line' id='line_1_14' title="bbox 63 1704 1200 1778; baseline 0.002 -19"><span class='ocrx_word' id='word_1_113' title='bbox 63 1706 108 1760; x_wconf 87' lang='lat' dir='ltr'><strong>deu</strong></span> <span class='ocrx_word' id='word_1_114' title='bbox 125 1707 330 1762; x_wconf 81' lang='lat' dir='ltr'><strong>franzosiseheu</strong></span> <span class='ocrx_word' id='word_1_115' title='bbox 350 1707 506 1776; x_wconf 79' lang='lat' dir='ltr'><strong>gesandten</strong></span> <span class='ocrx_word' id='word_1_116' title='bbox 525 1707 708 1778; x_wconf 79' lang='lat' dir='ltr'><strong>gelerthiget,</strong></span> <span class='ocrx_word' id='word_1_117' title='bbox 738 1707 859 1762; x_wconf 83' lang='lat' dir='ltr'><strong>welches</strong></span> <span class='ocrx_word' id='word_1_118' title='bbox 882 1704 929 1762; x_wconf 80' lang='lat' dir='ltr'><strong>ich</strong></span> <span class='ocrx_word' id='word_1_119' title='bbox 953 1709 1008 1764; x_wconf 90' lang='lat' dir='ltr'><strong>ime</strong></span> <span class='ocrx_word' id='word_1_120' title='bbox 1033 1708 1125 1764; x_wconf 75' lang='lat' dir='ltr'><strong>sembi</strong></span> <span class='ocrx_word' id='word_1_121' title='bbox 1152 1707 1200 1762; x_wconf 84' lang='lat' dir='ltr'><strong>des</strong></span> 
     </span>
     <span class='ocr_line' id='line_1_15' title="bbox 63 1793 919 1851; baseline 0.004 -5"><span class='ocrx_word' id='word_1_122' title='bbox 63 1793 228 1851; x_wconf 83' lang='lat' dir='ltr'><strong>ambassateu</strong></span> <span class='ocrx_word' id='word_1_123' title='bbox 247 1794 396 1850; x_wconf 82' lang='lat' dir='ltr'><strong>schreibeu</strong></span> <span class='ocrx_word' id='word_1_124' title='bbox 414 1794 515 1849; x_wconf 83' lang='lat' dir='ltr'><strong>hiemii</strong></span> <span class='ocrx_word' id='word_1_125' title='bbox 534 1793 726 1850; x_wconf 78' lang='lat' dir='ltr'><strong>widerumbeu</strong></span> <span class='ocrx_word' id='word_1_126' title='bbox 745 1795 919 1851; x_wconf 80' lang='lat' dir='ltr'><strong>nusohickhe.</strong></span> 
     </span>
    </p>
   </div>
   <div class='ocr_carea' id='block_1_5' title="bbox 591 2052 657 2108">
    <p class='ocr_par' dir='ltr' id='par_1_6' title="bbox 591 2052 657 2108">
     <span class='ocr_line' id='line_1_16' title="bbox 591 2052 657 2108; baseline -0.03 0"><span class='ocrx_word' id='word_1_127' title='bbox 591 2052 657 2108; x_wconf 80' lang='lat'>205.</span> 
     </span>
    </p>
   </div>
   <div class='ocr_carea' id='block_1_6' title="bbox 360 2169 899 2258">
    <p class='ocr_par' dir='ltr' id='par_1_7' title="bbox 360 2169 899 2258">
     <span class='ocr_line' id='line_1_17' title="bbox 360 2169 899 2258; baseline 0.004 -22"><span class='ocrx_word' id='word_1_128' title='bbox 360 2169 485 2258; x_wconf 77' lang='lat' dir='ltr'><strong>verger</strong></span> <span class='ocrx_word' id='word_1_129' title='bbox 508 2195 552 2238; x_wconf 90' lang='lat' dir='ltr'><strong>an</strong></span> <span class='ocrx_word' id='word_1_130' title='bbox 574 2174 693 2258; x_wconf 82' lang='lat' dir='ltr'><strong>herzog</strong></span> <span class='ocrx_word' id='word_1_131' title='bbox 715 2171 899 2258; x_wconf 79' lang='lat' dir='ltr'><strong>Chrisioph.</strong></span> 
     </span>
    </p>
   </div>
   <div class='ocr_carea' id='block_1_7' title="bbox 121 2303 1199 2493">
    <p class='ocr_par' dir='ltr' id='par_1_8' title="bbox 121 2303 1199 2493">
     <span class='ocr_line' id='line_1_18' title="bbox 425 2303 824 2376; baseline 0.005 -16"><span class='ocrx_word' id='word_1_132' title='bbox 425 2303 575 2376; x_wconf 67' lang='lat' dir='ltr'><strong>itihingen</strong></span> <span class='ocrx_word' id='word_1_133' title='bbox 600 2308 635 2362; x_wconf 86' lang='lat'><strong>14</strong></span> <span class='ocrx_word' id='word_1_134' title='bbox 655 2304 716 2362; x_wconf 87' lang='lat' dir='ltr'><strong>Mai</strong></span> <span class='ocrx_word' id='word_1_135' title='bbox 739 2307 824 2362; x_wconf 75' lang='lat'><strong>1564.</strong></span> 
     </span>
     <span class='ocr_line' id='line_1_19' title="bbox 121 2393 1199 2493; baseline 0.002 -18"><span class='ocrx_word' id='word_1_136' title='bbox 121 2393 155 2474; x_wconf 57' lang='grc' dir='ltr'><strong>ιιι</strong></span> <span class='ocrx_word' id='word_1_137' title='bbox 180 2421 255 2476; x_wconf 89' lang='lat' dir='ltr'><strong>habe</strong></span> <span class='ocrx_word' id='word_1_138' title='bbox 278 2423 375 2478; x_wconf 83' lang='lat' dir='ltr'><strong>seimon</strong></span> <span class='ocrx_word' id='word_1_139' title='bbox 406 2423 498 2478; x_wconf 82' lang='lat' dir='ltr'><strong>neffeu</strong></span> <span class='ocrx_word' id='word_1_140' title='bbox 527 2423 599 2480; x_wconf 83' lang='lat' dir='ltr'><strong>neoh</strong></span> <span class='ocrx_word' id='word_1_141' title='bbox 628 2423 703 2477; x_wconf 85' lang='lat' dir='ltr'><strong>Ohur</strong></span> <span class='ocrx_word' id='word_1_142' title='bbox 733 2422 886 2493; x_wconf 78' lang='lat' dir='ltr'><strong>gesohielut</strong></span> <span class='ocrx_word' id='word_1_143' title='bbox 930 2422 1121 2479; x_wconf 82' lang='lat' dir='ltr'><strong>Naohriohten</strong></span> <span class='ocrx_word' id='word_1_144' title='bbox 1149 2441 1199 2479; x_wconf 84' lang='lat' dir='ltr'><strong>aus</strong></span> 
     </span>
    </p>
   </div>
   <div class='ocr_carea' id='block_1_8' title="bbox 61 2515 1199 4050">
    <p class='ocr_par' dir='ltr' id='par_1_9' title="bbox 63 2515 206 2573">
     <span class='ocr_line' id='line_1_20' title="bbox 63 2515 206 2573; baseline 0.021 -3"><span class='ocrx_word' id='word_1_145' title='bbox 63 2515 206 2573; x_wconf 75' lang='lat' dir='ltr'><strong>Kirnihen.</strong></span> 
     </span>
    </p>

    <p class='ocr_par' dir='ltr' id='par_1_10' title="bbox 129 2615 1089 2690">
     <span class='ocr_line' id='line_1_21' title="bbox 129 2615 1089 2690; baseline 0.002 -17"><span class='ocrx_word' id='word_1_146' title='bbox 129 2617 326 2677; x_wconf 86' lang='lat' dir='ltr'><strong>illustrissimo</strong></span> <span class='ocrx_word' id='word_1_147' title='bbox 346 2617 486 2690; x_wconf 82' lang='lat' dir='ltr'><strong>Princeps</strong></span> <span class='ocrx_word' id='word_1_148' title='bbox 507 2623 536 2674; x_wconf 84' lang='lat' dir='ltr'><strong>et</strong></span> <span class='ocrx_word' id='word_1_149' title='bbox 557 2615 679 2675; x_wconf 90' lang='lat' dir='ltr'><strong>Domine</strong></span> <span class='ocrx_word' id='word_1_150' title='bbox 700 2616 823 2674; x_wconf 88' lang='lat' dir='ltr'><strong>Domine</strong></span> <span class='ocrx_word' id='word_1_151' title='bbox 845 2616 1089 2677; x_wconf 73' lang='lat' dir='ltr'><strong>clementissime!</strong></span> 
     </span>
    </p>

    <p class='ocr_par' dir='ltr' id='par_1_11' title="bbox 61 2719 1198 3828">
     <span class='ocr_line' id='line_1_22' title="bbox 130 2719 1198 2796; baseline 0 -16"><span class='ocrx_word' id='word_1_152' title='bbox 130 2721 199 2780; x_wconf 83' lang='lat' dir='ltr'><strong>Gom</strong></span> <span class='ocrx_word' id='word_1_153' title='bbox 220 2738 315 2796; x_wconf 86' lang='lat' dir='ltr'><strong>nuper</strong></span> <span class='ocrx_word' id='word_1_154' title='bbox 335 2722 365 2780; x_wconf 91' lang='lat' dir='ltr'><strong>in</strong></span> <span class='ocrx_word' id='word_1_155' title='bbox 381 2721 496 2780; x_wconf 74' lang='lat' dir='ltr'><strong>Rhatia</strong></span> <span class='ocrx_word' id='word_1_156' title='bbox 516 2737 650 2779; x_wconf 86' lang='lat' dir='ltr'><strong>versarer</strong></span> <span class='ocrx_word' id='word_1_157' title='bbox 670 2727 700 2779; x_wconf 90' lang='lat' dir='ltr'><strong>ot</strong></span> <span class='ocrx_word' id='word_1_158' title='bbox 720 2721 864 2789; x_wconf 86' lang='lat' dir='ltr'><strong>viderem,</strong></span> <span class='ocrx_word' id='word_1_159' title='bbox 892 2737 938 2779; x_wconf 88' lang='lat' dir='ltr'><strong>rue</strong></span> <span class='ocrx_word' id='word_1_160' title='bbox 958 2719 1086 2794; x_wconf 84' lang='lat' dir='ltr'><strong>incipere</strong></span> <span class='ocrx_word' id='word_1_161' title='bbox 1107 2738 1198 2796; x_wconf 76' lang='lat' dir='ltr'><strong>aegro-</strong></span> 
     </span>
     <span class='ocr_line' id='line_1_23' title="bbox 62 2825 1198 2900; baseline 0.004 -20"><span class='ocrx_word' id='word_1_162' title='bbox 62 2828 125 2896; x_wconf 87' lang='lat' dir='ltr'><strong>tare,</strong></span> <span class='ocrx_word' id='word_1_163' title='bbox 145 2828 273 2900; x_wconf 91' lang='lat' dir='ltr'><strong>surripui</strong></span> <span class='ocrx_word' id='word_1_164' title='bbox 293 2843 339 2885; x_wconf 90' lang='lat' dir='ltr'><strong>me</strong></span> <span class='ocrx_word' id='word_1_165' title='bbox 360 2833 392 2885; x_wconf 90' lang='lat' dir='ltr'><strong>et</strong></span> <span class='ocrx_word' id='word_1_166' title='bbox 411 2825 495 2884; x_wconf 84' lang='lat' dir='ltr'><strong>valde</strong></span> <span class='ocrx_word' id='word_1_167' title='bbox 516 2827 607 2898; x_wconf 89' lang='lat' dir='ltr'><strong>timui,</strong></span> <span class='ocrx_word' id='word_1_168' title='bbox 630 2840 666 2883; x_wconf 94' lang='lat' dir='ltr'><strong>ne</strong></span> <span class='ocrx_word' id='word_1_169' title='bbox 687 2826 851 2898; x_wconf 74' lang='lat' dir='ltr'><strong>periculosa</strong></span> <span class='ocrx_word' id='word_1_170' title='bbox 865 2831 942 2885; x_wconf 88' lang='lat' dir='ltr'><strong>esset</strong></span> <span class='ocrx_word' id='word_1_171' title='bbox 955 2825 1106 2900; x_wconf 76' lang='lat' dir='ltr'><strong>agritudo.</strong></span> <span class='ocrx_word' id='word_1_172' title='bbox 1127 2825 1198 2885; x_wconf 79' lang='lat' dir='ltr'><strong>(lum</strong></span> 
     </span>
     <span class='ocr_line' id='line_1_24' title="bbox 61 2925 1197 3014; baseline 0.004 -31"><span class='ocrx_word' id='word_1_173' title='bbox 61 2925 209 3003; x_wconf 81' lang='lat' dir='ltr'><strong>lubingam</strong></span> <span class='ocrx_word' id='word_1_174' title='bbox 229 2931 424 3010; x_wconf 82' lang='lat' dir='ltr'><strong>pervenissem</strong></span> <span class='ocrx_word' id='word_1_175' title='bbox 441 2937 471 2988; x_wconf 91' lang='lat' dir='ltr'><strong>et</strong></span> <span class='ocrx_word' id='word_1_176' title='bbox 485 2929 655 3003; x_wconf 85' lang='lat' dir='ltr'><strong>quievissem</strong></span> <span class='ocrx_word' id='word_1_177' title='bbox 673 2929 892 3002; x_wconf 85' lang='lat' dir='ltr'><strong>aliquantulum,</strong></span> <span class='ocrx_word' id='word_1_178' title='bbox 913 2929 1014 2988; x_wconf 87' lang='lat' dir='ltr'><strong>videor</strong></span> <span class='ocrx_word' id='word_1_179' title='bbox 1034 2929 1107 3014; x_wconf 68' lang='lat' dir='ltr'><strong>mihi,</strong></span> <span class='ocrx_word' id='word_1_180' title='bbox 1122 2931 1197 2988; x_wconf 87' lang='lat' dir='ltr'><strong>sani-</strong></span> 
     </span>
     <span class='ocr_line' id='line_1_25' title="bbox 61 3033 1196 3109; baseline 0.003 -19"><span class='ocrx_word' id='word_1_181' title='bbox 61 3036 140 3092; x_wconf 87' lang='lat' dir='ltr'><strong>tatem</strong></span> <span class='ocrx_word' id='word_1_182' title='bbox 158 3051 347 3109; x_wconf 79' lang='lat' dir='ltr'><strong>recuperasse</strong></span> <span class='ocrx_word' id='word_1_183' title='bbox 369 3035 435 3109; x_wconf 87' lang='lat' dir='ltr'><strong>(par</strong></span> <span class='ocrx_word' id='word_1_184' title='bbox 455 3035 511 3094; x_wconf 89' lang='lat' dir='ltr'><strong>Dei</strong></span> <span class='ocrx_word' id='word_1_185' title='bbox 530 3033 677 3108; x_wconf 80' lang='lat' dir='ltr'><strong>gratiam).</strong></span> <span class='ocrx_word' id='word_1_186' title='bbox 718 3034 775 3094; x_wconf 86' lang='lat' dir='ltr'><strong>Sed</strong></span> <span class='ocrx_word' id='word_1_187' title='bbox 803 3051 867 3093; x_wconf 84' lang='lat' dir='ltr'><strong>curn</strong></span> <span class='ocrx_word' id='word_1_188' title='bbox 894 3033 1090 3108; x_wconf 85' lang='lat' dir='ltr'><strong>poenituisset,</strong></span> <span class='ocrx_word' id='word_1_189' title='bbox 1119 3035 1196 3108; x_wconf 87' lang='lat' dir='ltr'><strong>quod</strong></span> 
     </span>
     <span class='ocr_line' id='line_1_26' title="bbox 61 3134 1197 3214; baseline 0.006 -23"><span class='ocrx_word' id='word_1_190' title='bbox 61 3134 208 3214; x_wconf 82' lang='lat' dir='ltr'><strong>Tuhiugam</strong></span> <span class='ocrx_word' id='word_1_191' title='bbox 228 3139 392 3212; x_wconf 79' lang='lat' dir='ltr'><strong>rediissem,</strong></span> <span class='ocrx_word' id='word_1_192' title='bbox 422 3140 547 3212; x_wconf 78' lang='lat' dir='ltr'><strong>eogitari</strong></span> <span class='ocrx_word' id='word_1_193' title='bbox 568 3139 605 3198; x_wconf 88' lang='lat' dir='ltr'><strong>de</strong></span> <span class='ocrx_word' id='word_1_194' title='bbox 626 3140 767 3198; x_wconf 84' lang='lat' dir='ltr'><strong>mittendo</strong></span> <span class='ocrx_word' id='word_1_195' title='bbox 788 3157 852 3198; x_wconf 90' lang='lat' dir='ltr'><strong>meo</strong></span> <span class='ocrx_word' id='word_1_196' title='bbox 873 3146 979 3212; x_wconf 85' lang='lat' dir='ltr'><strong>nepote</strong></span> <span class='ocrx_word' id='word_1_197' title='bbox 1000 3137 1120 3198; x_wconf 84' lang='lat' dir='ltr'><strong>Aurelio</strong></span> <span class='ocrx_word' id='word_1_198' title='bbox 1141 3139 1197 3199; x_wconf 84' lang='lat' dir='ltr'><strong>Ga·</strong></span> 
     </span>
     <span class='ocr_line' id='line_1_27' title="bbox 61 3242 1198 3318; baseline 0.004 -20"><span class='ocrx_word' id='word_1_199' title='bbox 61 3242 124 3300; x_wconf 88' lang='lat' dir='ltr'><strong>riam</strong></span> <span class='ocrx_word' id='word_1_200' title='bbox 144 3244 314 3304; x_wconf 85' lang='lat' dir='ltr'><strong>Rhaetorum</strong></span> <span class='ocrx_word' id='word_1_201' title='bbox 336 3261 441 3318; x_wconf 86' lang='lat' dir='ltr'><strong>usque,</strong></span> <span class='ocrx_word' id='word_1_202' title='bbox 470 3251 502 3302; x_wconf 86' lang='lat' dir='ltr'><strong>nt</strong></span> <span class='ocrx_word' id='word_1_203' title='bbox 522 3244 649 3314; x_wconf 86' lang='lat' dir='ltr'><strong>videret,</strong></span> <span class='ocrx_word' id='word_1_204' title='bbox 671 3244 739 3316; x_wconf 82' lang='lat' dir='ltr'><strong>quid</strong></span> <span class='ocrx_word' id='word_1_205' title='bbox 761 3251 912 3316; x_wconf 80' lang='lat' dir='ltr'><strong>ageretur,</strong></span> <span class='ocrx_word' id='word_1_206' title='bbox 943 3250 973 3303; x_wconf 92' lang='lat' dir='ltr'><strong>et</strong></span> <span class='ocrx_word' id='word_1_207' title='bbox 999 3259 1114 3303; x_wconf 84' lang='lat' dir='ltr'><strong>eausam</strong></span> <span class='ocrx_word' id='word_1_208' title='bbox 1141 3261 1198 3304; x_wconf 93' lang='lat' dir='ltr'><strong>non</strong></span> 
     </span>
     <span class='ocr_line' id='line_1_28' title="bbox 61 3344 1198 3422; baseline 0.005 -21"><span class='ocrx_word' id='word_1_209' title='bbox 61 3344 212 3419; x_wconf 66' lang='lat' dir='ltr'><strong>desererem</strong></span> <span class='ocrx_word' id='word_1_210' title='bbox 245 3349 309 3408; x_wconf 87' lang='lat' dir='ltr'><strong>misi</strong></span> <span class='ocrx_word' id='word_1_211' title='bbox 328 3349 428 3422; x_wconf 84' lang='lat' dir='ltr'><strong>itaque</strong></span> <span class='ocrx_word' id='word_1_212' title='bbox 448 3347 527 3406; x_wconf 88' lang='lat' dir='ltr'><strong>illum</strong></span> <span class='ocrx_word' id='word_1_213' title='bbox 549 3363 632 3406; x_wconf 88' lang='lat' dir='ltr'><strong>mane</strong></span> <span class='ocrx_word' id='word_1_214' title='bbox 645 3345 662 3418; x_wconf 86' lang='lat'><strong>¹,</strong></span> <span class='ocrx_word' id='word_1_215' title='bbox 684 3349 733 3420; x_wconf 88' lang='lat' dir='ltr'><strong>qui</strong></span> <span class='ocrx_word' id='word_1_216' title='bbox 761 3347 858 3406; x_wconf 87' lang='lat' dir='ltr'><strong>videat</strong></span> <span class='ocrx_word' id='word_1_217' title='bbox 884 3353 913 3405; x_wconf 87' lang='lat' dir='ltr'><strong>et</strong></span> <span class='ocrx_word' id='word_1_218' title='bbox 934 3345 1021 3406; x_wconf 81' lang='lat' dir='ltr'><strong>faeiat</strong></span> <span class='ocrx_word' id='word_1_219' title='bbox 1040 3363 1105 3407; x_wconf 87' lang='lat' dir='ltr'><strong>meo</strong></span> <span class='ocrx_word' id='word_1_220' title='bbox 1125 3347 1198 3420; x_wconf 83' lang='lat' dir='ltr'><strong>loeo,</strong></span> 
     </span>
     <span class='ocr_line' id='line_1_29' title="bbox 61 3451 1198 3528; baseline 0.002 -18"><span class='ocrx_word' id='word_1_221' title='bbox 61 3466 116 3521; x_wconf 79' lang='lat' dir='ltr'><strong>que</strong></span> <span class='ocrx_word' id='word_1_222' title='bbox 134 3455 257 3525; x_wconf 79' lang='lat' dir='ltr'><strong>poterit3</strong></span> <span class='ocrx_word' id='word_1_223' title='bbox 285 3469 455 3528; x_wconf 86' lang='lat' dir='ltr'><strong>quamquam</strong></span> <span class='ocrx_word' id='word_1_224' title='bbox 477 3453 554 3512; x_wconf 87' lang='lat' dir='ltr'><strong>enim</strong></span> <span class='ocrx_word' id='word_1_225' title='bbox 573 3469 630 3511; x_wconf 90' lang='lat' dir='ltr'><strong>non</strong></span> <span class='ocrx_word' id='word_1_226' title='bbox 651 3452 688 3510; x_wconf 88' lang='lat' dir='ltr'><strong>sil</strong></span> <span class='ocrx_word' id='word_1_227' title='bbox 710 3451 846 3522; x_wconf 87' lang='lat' dir='ltr'><strong>multum,</strong></span> <span class='ocrx_word' id='word_1_228' title='bbox 868 3452 944 3525; x_wconf 89' lang='lat' dir='ltr'><strong>quod</strong></span> <span class='ocrx_word' id='word_1_229' title='bbox 965 3453 1074 3525; x_wconf 88' lang='lat' dir='ltr'><strong>possit,</strong></span> <span class='ocrx_word' id='word_1_230' title='bbox 1102 3458 1198 3512; x_wconf 87' lang='lat' dir='ltr'><strong>tamen</strong></span> 
     </span>
     <span class='ocr_line' id='line_1_30' title="bbox 61 3556 1198 3632; baseline 0.004 -21"><span class='ocrx_word' id='word_1_231' title='bbox 61 3570 109 3614; x_wconf 92' lang='lat' dir='ltr'><strong>non</strong></span> <span class='ocrx_word' id='word_1_232' title='bbox 128 3560 235 3632; x_wconf 88' lang='lat' dir='ltr'><strong>poterit</strong></span> <span class='ocrx_word' id='word_1_233' title='bbox 256 3573 313 3617; x_wconf 93' lang='lat' dir='ltr'><strong>non</strong></span> <span class='ocrx_word' id='word_1_234' title='bbox 333 3559 487 3631; x_wconf 86' lang='lat' dir='ltr'><strong>prodesse,</strong></span> <span class='ocrx_word' id='word_1_235' title='bbox 509 3558 585 3632; x_wconf 85' lang='lat' dir='ltr'><strong>quod</strong></span> <span class='ocrx_word' id='word_1_236' title='bbox 606 3559 723 3631; x_wconf 89' lang='lat' dir='ltr'><strong>aliquis,</strong></span> <span class='ocrx_word' id='word_1_237' title='bbox 751 3557 799 3630; x_wconf 90' lang='lat' dir='ltr'><strong>qui</strong></span> <span class='ocrx_word' id='word_1_238' title='bbox 821 3556 973 3630; x_wconf 79' lang='lat' dir='ltr'><strong>negotium·</strong></span> <span class='ocrx_word' id='word_1_239' title='bbox 990 3563 1082 3628; x_wconf 84' lang='lat' dir='ltr'><strong>amat,</strong></span> <span class='ocrx_word' id='word_1_240' title='bbox 1108 3556 1198 3616; x_wconf 89' lang='lat' dir='ltr'><strong>inter·</strong></span> 
     </span>
     <span class='ocr_line' id='line_1_31' title="bbox 62 3659 1197 3738; baseline 0.002 -22"><span class='ocrx_word' id='word_1_241' title='bbox 62 3662 162 3736; x_wconf 84' lang='lat' dir='ltr'><strong>ueniat,</strong></span> <span class='ocrx_word' id='word_1_242' title='bbox 183 3664 423 3738; x_wconf 86' lang='lat' dir='ltr'><strong>quemadmodum</strong></span> <span class='ocrx_word' id='word_1_243' title='bbox 444 3679 529 3736; x_wconf 89' lang='lat' dir='ltr'><strong>spero</strong></span> <span class='ocrx_word' id='word_1_244' title='bbox 550 3663 586 3722; x_wconf 86' lang='lat' dir='ltr'><strong>de</strong></span> <span class='ocrx_word' id='word_1_245' title='bbox 607 3661 742 3729; x_wconf 88' lang='lat' dir='ltr'><strong>Aurelio,</strong></span> <span class='ocrx_word' id='word_1_246' title='bbox 771 3661 901 3733; x_wconf 80' lang='lat' dir='ltr'><strong>proderit</strong></span> <span class='ocrx_word' id='word_1_247' title='bbox 920 3677 1021 3735; x_wconf 91' lang='lat' dir='ltr'><strong>spero,</strong></span> <span class='ocrx_word' id='word_1_248' title='bbox 1052 3659 1121 3720; x_wconf 85' lang='lat' dir='ltr'><strong>lieet</strong></span> <span class='ocrx_word' id='word_1_249' title='bbox 1140 3677 1197 3720; x_wconf 88' lang='lat' dir='ltr'><strong>non</strong></span> 
     </span>
     <span class='ocr_line' id='line_1_32' title="bbox 61 3751 724 3828; baseline 0.009 -8"><span class='ocrx_word' id='word_1_250' title='bbox 61 3765 94 3824; x_wconf 87' lang='lat' dir='ltr'><strong>sit</strong></span> <span class='ocrx_word' id='word_1_251' title='bbox 111 3779 235 3828; x_wconf 83' lang='lat' dir='ltr'><strong>neeesse.</strong></span> <span class='ocrx_word' id='word_1_252' title='bbox 718 3751 724 3760; x_wconf 39' lang='lat'>⁸</span> 
     </span>
    </p>

    <p class='ocr_par' dir='ltr' id='par_1_12' title="bbox 61 3870 1199 4050">
     <span class='ocr_line' id='line_1_33' title="bbox 130 3870 1199 3946; baseline -0.002 -16"><span class='ocrx_word' id='word_1_253' title='bbox 130 3873 265 3933; x_wconf 85' lang='lat' dir='ltr'><strong>Intellexi</strong></span> <span class='ocrx_word' id='word_1_254' title='bbox 286 3891 303 3934; x_wconf 86' lang='grc' dir='ltr'><strong>ιι</strong></span> <span class='ocrx_word' id='word_1_255' title='bbox 323 3873 457 3933; x_wconf 88' lang='lat' dir='ltr'><strong>fidelibus</strong></span> <span class='ocrx_word' id='word_1_256' title='bbox 478 3873 586 3932; x_wconf 87' lang='lat' dir='ltr'><strong>nuntiis</strong></span> <span class='ocrx_word' id='word_1_257' title='bbox 608 3879 636 3932; x_wconf 87' lang='lat' dir='ltr'><strong>et</strong></span> <span class='ocrx_word' id='word_1_258' title='bbox 658 3871 761 3941; x_wconf 86' lang='lat' dir='ltr'><strong>oertis,</strong></span> <span class='ocrx_word' id='word_1_259' title='bbox 788 3873 902 3931; x_wconf 88' lang='lat' dir='ltr'><strong>missam</strong></span> <span class='ocrx_word' id='word_1_260' title='bbox 929 3870 1018 3930; x_wconf 87' lang='lat' dir='ltr'><strong>luisse</strong></span> <span class='ocrx_word' id='word_1_261' title='bbox 1039 3873 1199 3946; x_wconf 85' lang='lat' dir='ltr'><strong>projectam</strong></span> 
     </span>
     <span class='ocr_line' id='line_1_34' title="bbox 61 3973 1197 4050; baseline 0.002 -18"><span class='ocrx_word' id='word_1_262' title='bbox 61 3989 167 4044; x_wconf 80' lang='lat' dir='ltr'><strong>prorsus</strong></span> <span class='ocrx_word' id='word_1_263' title='bbox 186 3979 217 4037; x_wconf 94' lang='lat' dir='ltr'><strong>in</strong></span> <span class='ocrx_word' id='word_1_264' title='bbox 238 3979 341 4038; x_wconf 86' lang='lat' dir='ltr'><strong>malam</strong></span> <span class='ocrx_word' id='word_1_265' title='bbox 362 3995 422 4038; x_wconf 89' lang='lat' dir='ltr'><strong>rem</strong></span> <span class='ocrx_word' id='word_1_266' title='bbox 443 3995 478 4037; x_wconf 82' lang='lat' dir='ltr'><strong>ex</strong></span> <span class='ocrx_word' id='word_1_267' title='bbox 501 3977 620 4050; x_wconf 79' lang='lat' dir='ltr'><strong>Villam,</strong></span> <span class='ocrx_word' id='word_1_268' title='bbox 643 3973 825 4036; x_wconf 82' lang='lat' dir='ltr'><strong>Glamlurto⁸</strong></span> <span class='ocrx_word' id='word_1_269' title='bbox 850 3981 881 4034; x_wconf 93' lang='lat' dir='ltr'><strong>ot</strong></span> <span class='ocrx_word' id='word_1_270' title='bbox 901 3975 1085 4048; x_wconf 87' lang='lat' dir='ltr'><strong>Kirchemor,</strong></span> <span class='ocrx_word' id='word_1_271' title='bbox 1113 3992 1197 4049; x_wconf 88' lang='lat' dir='ltr'><strong>spero</strong></span> 
     </span>
    </p>
   </div>
   <div class='ocr_carea' id='block_1_9' title="bbox 620 4118 634 4151">
    <p class='ocr_par' dir='ltr' id='par_1_13' title="bbox 620 4118 634 4151">
     <span class='ocr_line' id='line_1_35' title="bbox 620 4118 634 4151; baseline 0 0"><span class='ocrx_word' id='word_1_272' title='bbox 620 4118 634 4151; x_wconf 70' lang='lat' dir='ltr'><strong>’lt</strong></span> 
     </span>
    </p>
   </div>
   <div class='ocr_carea' id='block_1_10' title="bbox 62 4229 1197 4464">
    <p class='ocr_par' dir='ltr' id='par_1_14' title="bbox 62 4229 1197 4464">
     <span class='ocr_line' id='line_1_36' title="bbox 124 4229 1034 4288; baseline 0 -4"><span class='ocrx_word' id='word_1_273' title='bbox 124 4231 136 4284; x_wconf 90' lang='lat'>1</span> <span class='ocrx_word' id='word_1_274' title='bbox 154 4231 191 4286; x_wconf 77' lang='lat' dir='ltr'><strong>Er</strong></span> <span class='ocrx_word' id='word_1_275' title='bbox 208 4233 275 4288; x_wconf 84' lang='lat' dir='ltr'><strong>kam</strong></span> <span class='ocrx_word' id='word_1_276' title='bbox 295 4231 361 4287; x_wconf 90' lang='lat' dir='ltr'><strong>Juni</strong></span> <span class='ocrx_word' id='word_1_277' title='bbox 379 4231 481 4287; x_wconf 86' lang='lat' dir='ltr'><strong>wieder</strong></span> <span class='ocrx_word' id='word_1_278' title='bbox 499 4230 610 4286; x_wconf 79' lang='lat' dir='ltr'><strong>nurhok.</strong></span> <span class='ocrx_word' id='word_1_279' title='bbox 647 4231 673 4284; x_wconf 79' lang='lat' dir='ltr'><strong>S.</strong></span> <span class='ocrx_word' id='word_1_280' title='bbox 693 4248 720 4284; x_wconf 86' lang='lat' dir='ltr'><strong>n.</strong></span> <span class='ocrx_word' id='word_1_281' title='bbox 739 4231 797 4285; x_wconf 80' lang='lat'>206.</span> <span class='ocrx_word' id='word_1_282' title='bbox 816 4229 878 4284; x_wconf 73' lang='lat' dir='ltr'><strong>toll.</strong></span> <span class='ocrx_word' id='word_1_283' title='bbox 897 4229 956 4284; x_wconf 83' lang='lat'><strong>208.</strong></span> <span class='ocrx_word' id='word_1_284' title='bbox 975 4229 1034 4284; x_wconf 78' lang='lat'><strong>209.</strong></span> 
     </span>
     <span class='ocr_line' id='line_1_37' title="bbox 122 4313 1197 4391; baseline -0.004 -22"><span class='ocrx_word' id='word_1_285' title='bbox 122 4315 138 4369; x_wconf 79' lang='lat'>2</span> <span class='ocrx_word' id='word_1_286' title='bbox 160 4317 242 4374; x_wconf 81' lang='lat' dir='ltr'><strong>wohl</strong></span> <span class='ocrx_word' id='word_1_287' title='bbox 261 4320 437 4391; x_wconf 79' lang='lat' dir='ltr'><strong>Klagsnlurt.</strong></span> <span class='ocrx_word' id='word_1_288' title='bbox 475 4319 557 4375; x_wconf 85' lang='lat' dir='ltr'><strong>Siehe</strong></span> <span class='ocrx_word' id='word_1_289' title='bbox 577 4317 646 4374; x_wconf 76' lang='lat' dir='ltr'><strong>dher</strong></span> <span class='ocrx_word' id='word_1_290' title='bbox 665 4317 742 4372; x_wconf 87' lang='lat' dir='ltr'><strong>diese</strong></span> <span class='ocrx_word' id='word_1_291' title='bbox 761 4315 982 4386; x_wconf 76' lang='lat' dir='ltr'><strong>angelegeuheit</strong></span> <span class='ocrx_word' id='word_1_292' title='bbox 1001 4313 1058 4368; x_wconf 89' lang='lat' dir='ltr'><strong>und</strong></span> <span class='ocrx_word' id='word_1_293' title='bbox 1079 4313 1197 4382; x_wconf 82' lang='lat' dir='ltr'><strong>Vergers</strong></span> 
     </span>
     <span class='ocr_line' id='line_1_38' title="bbox 62 4400 883 4464; baseline -0.002 -6"><span class='ocrx_word' id='word_1_294' title='bbox 62 4400 124 4457; x_wconf 76' lang='lat' dir='ltr'><strong>rtise</strong></span> <span class='ocrx_word' id='word_1_295' title='bbox 141 4405 256 4461; x_wconf 84' lang='lat' dir='ltr'><strong>dorthin</strong></span> <span class='ocrx_word' id='word_1_296' title='bbox 275 4425 302 4464; x_wconf 89' lang='lat' dir='ltr'><strong>n.</strong></span> <span class='ocrx_word' id='word_1_297' title='bbox 320 4409 380 4464; x_wconf 76' lang='lat'>208.</span> <span class='ocrx_word' id='word_1_298' title='bbox 880 4415 883 4420; x_wconf 79' lang='grc'>’</span> 
     </span>
    </p>
   </div>
   <div class='ocr_carea' id='block_1_11' title="bbox 927 4499 988 4558">
    <p class='ocr_par' dir='ltr' id='par_1_15' title="bbox 927 4499 988 4558">
     <span class='ocr_line' id='line_1_39' title="bbox 927 4499 988 4558; baseline 0.033 -2"><span class='ocrx_word' id='word_1_299' title='bbox 927 4499 988 4558; x_wconf 78' lang='lat' dir='ltr'><strong>et*</strong></span> 
     </span>
    </p>
   </div>
   <div class='ocr_carea' id='block_1_12' title="bbox 0 0 1436 5080">
    <p class='ocr_par' dir='ltr' id='par_1_16' title="bbox 0 0 1436 5080">
     <span class='ocr_line' id='line_1_40' title="bbox 0 0 1436 5080; baseline 0 1"><span class='ocrx_word' id='word_1_300' title='bbox 0 0 1436 5080; x_wconf 95' lang='lat' dir='ltr'><strong> </strong></span> 
     </span>
    </p>
   </div>
  </div>
 </body>
</html>
