<?xml version="1.0" encoding="UTF-8"?>
<!DOCTYPE html PUBLIC "-//W3C//DTD XHTML 1.0 Transitional//EN"
    "http://www.w3.org/TR/xhtml1/DTD/xhtml1-transitional.dtd">
<html xmlns="http://www.w3.org/1999/xhtml" xml:lang="en" lang="en">
 <head>
  <title>
</title>
<meta http-equiv="Content-Type" content="text/html;charset=utf-8" />
  <meta name='ocr-system' content='tesseract 3.04.00' />
  <meta name='ocr-capabilities' content='ocr_page ocr_carea ocr_par ocr_line ocrx_word'/>
</head>
<body>
  <div class='ocr_page' id='page_1' title='image "./briefwechselzwi01verggoog/briefwechselzwi01verggoog_0064.png"; bbox 0 0 2910 5080; ppageno 0'>
   <div class='ocr_carea' id='block_1_1' title="bbox 80 372 650 436">
    <p class='ocr_par' dir='ltr' id='par_1_1' title="bbox 80 372 650 436">
     <span class='ocr_line' id='line_1_1' title="bbox 80 372 650 436; baseline 0.016 -9"><span class='ocrx_word' id='word_1_1' title='bbox 80 372 140 428; x_wconf 76' lang='lat'>1553</span> <span class='ocrx_word' id='word_1_2' title='bbox 610 374 650 436; x_wconf 77' lang='grc'>63</span> 
     </span>
    </p>
   </div>
   <div class='ocr_carea' id='block_1_2' title="bbox 70 523 1208 3010">
    <p class='ocr_par' dir='ltr' id='par_1_2' title="bbox 75 523 1208 1455">
     <span class='ocr_line' id='line_1_2' title="bbox 76 523 1208 620; baseline -0.007 -10"><span class='ocrx_word' id='word_1_3' title='bbox 76 545 156 612; x_wconf 85' lang='lat' dir='ltr'>beru.</span> <span class='ocrx_word' id='word_1_4' title='bbox 181 544 363 616; x_wconf 86' lang='lat' dir='ltr'>marchionis,</span> <span class='ocrx_word' id='word_1_5' title='bbox 390 545 595 620; x_wconf 74' lang='lat' dir='ltr'>musanguinei</span> <span class='ocrx_word' id='word_1_6' title='bbox 622 544 714 606; x_wconf 80' lang='lat' dir='ltr'>nostri</span> <span class='ocrx_word' id='word_1_7' title='bbox 740 549 830 614; x_wconf 86' lang='lat' dir='ltr'>statu,</span> <span class='ocrx_word' id='word_1_8' title='bbox 858 544 966 604; x_wconf 82' lang='lat' dir='ltr'><strong>certior</strong></span> <span class='ocrx_word' id='word_1_9' title='bbox 996 541 1117 604; x_wconf 89' lang='lat' dir='ltr'>anobis</span> <span class='ocrx_word' id='word_1_10' title='bbox 1142 523 1208 604; x_wconf 79' lang='lat' dir='ltr'>sert</span> 
     </span>
     <span class='ocr_line' id='line_1_3' title="bbox 77 645 1205 728; baseline -0.003 -17"><span class='ocrx_word' id='word_1_11' title='bbox 77 650 153 724; x_wconf 91' lang='lat' dir='ltr'>cupis,</span> <span class='ocrx_word' id='word_1_12' title='bbox 172 655 265 728; x_wconf 88' lang='lat' dir='ltr'>notum</span> <span class='ocrx_word' id='word_1_13' title='bbox 280 649 333 708; x_wconf 90' lang='lat' dir='ltr'>tibi</span> <span class='ocrx_word' id='word_1_14' title='bbox 353 647 482 722; x_wconf 86' lang='lat' dir='ltr'>iacimus,</span> <span class='ocrx_word' id='word_1_15' title='bbox 506 649 583 726; x_wconf 91' lang='lat' dir='ltr'>quod</span> <span class='ocrx_word' id='word_1_16' title='bbox 598 648 681 708; x_wconf 91' lang='lat' dir='ltr'>nobis</span> <span class='ocrx_word' id='word_1_17' title='bbox 702 665 755 722; x_wconf 89' lang='lat' dir='ltr'>pen</span> <span class='ocrx_word' id='word_1_18' title='bbox 774 649 888 708; x_wconf 84' lang='lat' dir='ltr'>littores</span> <span class='ocrx_word' id='word_1_19' title='bbox 908 645 964 706; x_wconf 89' lang='lat' dir='ltr'>fido</span> <span class='ocrx_word' id='word_1_20' title='bbox 980 647 1081 721; x_wconf 77' lang='lat' dir='ltr'>dignas</span> <span class='ocrx_word' id='word_1_21' title='bbox 1097 647 1205 721; x_wconf 76' lang='lat' dir='ltr'>simit-</span> 
     </span>
     <span class='ocr_line' id='line_1_4' title="bbox 76 733 1204 828; baseline -0.002 -14"><span class='ocrx_word' id='word_1_22' title='bbox 76 760 157 815; x_wconf 89' lang='lat' dir='ltr'>catnm</span> <span class='ocrx_word' id='word_1_23' title='bbox 176 758 226 824; x_wconf 91' lang='lat' dir='ltr'>est,</span> <span class='ocrx_word' id='word_1_24' title='bbox 247 755 344 813; x_wconf 87' lang='lat' dir='ltr'>statim</span> <span class='ocrx_word' id='word_1_25' title='bbox 363 761 477 814; x_wconf 89' lang='lat' dir='ltr'>mortuo</span> <span class='ocrx_word' id='word_1_26' title='bbox 497 755 596 828; x_wconf 87' lang='lat' dir='ltr'>priore</span> <span class='ocrx_word' id='word_1_27' title='bbox 618 753 779 828; x_wconf 78' lang='lat' dir='ltr'>Anglorum</span> <span class='ocrx_word' id='word_1_28' title='bbox 798 767 869 827; x_wconf 80' lang='lat' dir='ltr'>rege</span> <span class='ocrx_word' id='word_1_29' title='bbox 891 751 927 812; x_wconf 87' lang='lat' dir='ltr'>ab</span> <span class='ocrx_word' id='word_1_30' title='bbox 948 753 1018 828; x_wconf 88' lang='lat' dir='ltr'>ipsis</span> <span class='ocrx_word' id='word_1_31' title='bbox 1030 733 1132 828; x_wconf 70' lang='lat' dir='ltr'>Appiis</span> <span class='ocrx_word' id='word_1_32' title='bbox 1153 752 1204 816; x_wconf 89' lang='lat' dir='ltr'>‹lu-</span> 
     </span>
     <span class='ocr_line' id='line_1_5' title="bbox 77 857 1205 934; baseline -0.002 -16"><span class='ocrx_word' id='word_1_33' title='bbox 77 876 126 918; x_wconf 88' lang='lat' dir='ltr'>cem</span> <span class='ocrx_word' id='word_1_34' title='bbox 145 875 160 918; x_wconf 93' lang='lat' dir='ltr'>e</span> <span class='ocrx_word' id='word_1_35' title='bbox 176 858 351 918; x_wconf 89' lang='lat' dir='ltr'>Northumer</span> <span class='ocrx_word' id='word_1_36' title='bbox 364 858 381 931; x_wconf 87' lang='lat'>¹,</span> <span class='ocrx_word' id='word_1_37' title='bbox 402 861 497 920; x_wconf 82' lang='lat' dir='ltr'>sirum</span> <span class='ocrx_word' id='word_1_38' title='bbox 517 859 634 934; x_wconf 90' lang='lat' dir='ltr'>quidem</span> <span class='ocrx_word' id='word_1_39' title='bbox 652 858 815 934; x_wconf 88' lang='lat' dir='ltr'>principatu</span> <span class='ocrx_word' id='word_1_40' title='bbox 836 864 866 918; x_wconf 87' lang='lat' dir='ltr'>st</span> <span class='ocrx_word' id='word_1_41' title='bbox 885 857 1008 932; x_wconf 87' lang='lat' dir='ltr'>imperio</span> <span class='ocrx_word' id='word_1_42' title='bbox 1028 857 1155 932; x_wconf 79' lang='lat' dir='ltr'>dignum,</span> <span class='ocrx_word' id='word_1_43' title='bbox 1175 859 1205 916; x_wconf 92' lang='lat' dir='ltr'>iu</span> 
     </span>
     <span class='ocr_line' id='line_1_6' title="bbox 79 958 1205 1036; baseline -0.004 -14"><span class='ocrx_word' id='word_1_44' title='bbox 79 980 160 1036; x_wconf 75' lang='lat' dir='ltr'>regem</span> <span class='ocrx_word' id='word_1_45' title='bbox 180 965 302 1024; x_wconf 88' lang='lat' dir='ltr'>electum</span> <span class='ocrx_word' id='word_1_46' title='bbox 321 961 426 1032; x_wconf 86' lang='lat' dir='ltr'>fuisse,</span> <span class='ocrx_word' id='word_1_47' title='bbox 451 967 481 1020; x_wconf 86' lang='lat' dir='ltr'>et</span> <span class='ocrx_word' id='word_1_48' title='bbox 501 962 526 1021; x_wconf 87' lang='lat' dir='ltr'>is</span> <span class='ocrx_word' id='word_1_49' title='bbox 545 976 645 1020; x_wconf 89' lang='lat' dir='ltr'>rursus</span> <span class='ocrx_word' id='word_1_50' title='bbox 665 977 681 1018; x_wconf 92' lang='lat' dir='ltr'>e</span> <span class='ocrx_word' id='word_1_51' title='bbox 702 958 807 1020; x_wconf 89' lang='lat' dir='ltr'>finibus</span> <span class='ocrx_word' id='word_1_52' title='bbox 827 959 940 1032; x_wconf 77' lang='lat' dir='ltr'>Angliae</span> <span class='ocrx_word' id='word_1_53' title='bbox 959 959 1098 1018; x_wconf 88' lang='lat' dir='ltr'>recedere</span> <span class='ocrx_word' id='word_1_54' title='bbox 1117 963 1205 1036; x_wconf 86' lang='lat' dir='ltr'>atquo</span> 
     </span>
     <span class='ocr_line' id='line_1_7' title="bbox 78 1052 1206 1141; baseline -0.003 -16"><span class='ocrx_word' id='word_1_55' title='bbox 78 1069 200 1128; x_wconf 90' lang='lat' dir='ltr'>intutum</span> <span class='ocrx_word' id='word_1_56' title='bbox 221 1085 252 1128; x_wconf 90' lang='lat' dir='ltr'>so</span> <span class='ocrx_word' id='word_1_57' title='bbox 274 1052 540 1141; x_wconf 82' lang='lat' dir='ltr'>recipere⁰coactus</span> <span class='ocrx_word' id='word_1_58' title='bbox 561 1064 625 1135; x_wconf 86' lang='lat' dir='ltr'>fult,</span> <span class='ocrx_word' id='word_1_59' title='bbox 646 1083 708 1126; x_wconf 89' lang='lat' dir='ltr'>cum</span> <span class='ocrx_word' id='word_1_60' title='bbox 730 1063 780 1124; x_wconf 90' lang='lat' dir='ltr'>alii</span> <span class='ocrx_word' id='word_1_61' title='bbox 800 1065 931 1138; x_wconf 78' lang='lat' dir='ltr'>plerique</span> <span class='ocrx_word' id='word_1_62' title='bbox 952 1063 979 1122; x_wconf 92' lang='lat' dir='ltr'>d.</span> <span class='ocrx_word' id='word_1_63' title='bbox 1000 1061 1131 1134; x_wconf 83' lang='lat' dir='ltr'>Mariam,</span> <span class='ocrx_word' id='word_1_64' title='bbox 1152 1063 1206 1122; x_wconf 90' lang='lat' dir='ltr'>im·</span> 
     </span>
     <span class='ocr_line' id='line_1_8' title="bbox 75 1169 1204 1246; baseline -0.004 -14"><span class='ocrx_word' id='word_1_65' title='bbox 75 1173 199 1246; x_wconf 78' lang='lat' dir='ltr'>potatoris</span> <span class='ocrx_word' id='word_1_66' title='bbox 219 1173 317 1234; x_wconf 83' lang='lat' dir='ltr'>Garuli</span> <span class='ocrx_word' id='word_1_67' title='bbox 340 1173 372 1242; x_wconf 88' lang='lat' dir='ltr'>ll,</span> <span class='ocrx_word' id='word_1_68' title='bbox 395 1171 503 1231; x_wconf 89' lang='lat' dir='ltr'>domini</span> <span class='ocrx_word' id='word_1_69' title='bbox 531 1169 622 1230; x_wconf 88' lang='lat' dir='ltr'>nostri</span> <span class='ocrx_word' id='word_1_70' title='bbox 644 1169 874 1242; x_wconf 90' lang='lat' dir='ltr'>clementissimi,</span> <span class='ocrx_word' id='word_1_71' title='bbox 906 1185 941 1229; x_wconf 85' lang='lat' dir='ltr'>ex</span> <span class='ocrx_word' id='word_1_72' title='bbox 962 1184 1061 1228; x_wconf 89' lang='lat' dir='ltr'>sorore</span> <span class='ocrx_word' id='word_1_73' title='bbox 1085 1169 1204 1243; x_wconf 87' lang='lat' dir='ltr'>neptim,</span> 
     </span>
     <span class='ocr_line' id='line_1_9' title="bbox 75 1274 1205 1351; baseline -0.002 -17"><span class='ocrx_word' id='word_1_74' title='bbox 75 1277 210 1351; x_wconf 79' lang='lat' dir='ltr'>elegissent</span> <span class='ocrx_word' id='word_1_75' title='bbox 230 1277 410 1350; x_wconf 78' lang='lat' dir='ltr'>eandemque</span> <span class='ocrx_word' id='word_1_76' title='bbox 432 1278 461 1336; x_wconf 93' lang='lat' dir='ltr'>in</span> <span class='ocrx_word' id='word_1_77' title='bbox 483 1278 611 1351; x_wconf 80' lang='lat' dir='ltr'>reginam</span> <span class='ocrx_word' id='word_1_78' title='bbox 634 1275 860 1350; x_wconf 77' lang='lat' dir='ltr'>proclamassent</span> <span class='ocrx_word' id='word_1_79' title='bbox 879 1281 966 1350; x_wconf 87' lang='lat' dir='ltr'>atque</span> <span class='ocrx_word' id='word_1_80' title='bbox 981 1274 1205 1348; x_wconf 68' lang='lat' dir='ltr'>investivimus,</span> 
     </span>
     <span class='ocr_line' id='line_1_10' title="bbox 77 1379 1064 1455; baseline -0.002 -15"><span class='ocrx_word' id='word_1_81' title='bbox 77 1397 147 1454; x_wconf 88' lang='lat' dir='ltr'>quam</span> <span class='ocrx_word' id='word_1_82' title='bbox 166 1383 280 1455; x_wconf 86' lang='lat' dir='ltr'>quidam</span> <span class='ocrx_word' id='word_1_83' title='bbox 302 1382 395 1442; x_wconf 88' lang='lat' dir='ltr'>adhuc</span> <span class='ocrx_word' id='word_1_84' title='bbox 414 1383 551 1455; x_wconf 86' lang='lat' dir='ltr'>retinent,</span> <span class='ocrx_word' id='word_1_85' title='bbox 572 1383 659 1442; x_wconf 89' lang='lat' dir='ltr'>armis</span> <span class='ocrx_word' id='word_1_86' title='bbox 679 1386 885 1454; x_wconf 83' lang='lat' dir='ltr'>potestateque</span> <span class='ocrx_word' id='word_1_87' title='bbox 906 1379 1064 1440; x_wconf 80' lang='lat' dir='ltr'>defensuri.</span> 
     </span>
    </p>

    <p class='ocr_par' dir='ltr' id='par_1_3' title="bbox 71 1484 1205 2276">
     <span class='ocr_line' id='line_1_11' title="bbox 136 1484 1203 1558; baseline 0.002 -14"><span class='ocrx_word' id='word_1_88' title='bbox 136 1486 262 1547; x_wconf 87' lang='lat' dir='ltr'>Marohio</span> <span class='ocrx_word' id='word_1_89' title='bbox 284 1503 353 1546; x_wconf 88' lang='lat' dir='ltr'>voro</span> <span class='ocrx_word' id='word_1_90' title='bbox 374 1486 512 1548; x_wconf 86' lang='lat' dir='ltr'>Albertus</span> <span class='ocrx_word' id='word_1_91' title='bbox 531 1487 664 1546; x_wconf 89' lang='lat' dir='ltr'>immunis</span> <span class='ocrx_word' id='word_1_92' title='bbox 686 1503 702 1546; x_wconf 92' lang='lat' dir='ltr'>e</span> <span class='ocrx_word' id='word_1_93' title='bbox 728 1485 862 1557; x_wconf 79' lang='lat' dir='ltr'>conflictu</span> <span class='ocrx_word' id='word_1_94' title='bbox 881 1484 955 1546; x_wconf 73' lang='lat' dir='ltr'>illo¹</span> <span class='ocrx_word' id='word_1_95' title='bbox 976 1485 1080 1556; x_wconf 89' lang='lat' dir='ltr'>evasit,</span> <span class='ocrx_word' id='word_1_96' title='bbox 1110 1501 1203 1558; x_wconf 89' lang='lat' dir='ltr'>neque</span> 
     </span>
     <span class='ocr_line' id='line_1_12' title="bbox 74 1585 1203 1666; baseline 0.005 -23"><span class='ocrx_word' id='word_1_97' title='bbox 74 1585 230 1665; x_wconf 82' lang='lat' dir='ltr'>(otientur)</span> <span class='ocrx_word' id='word_1_98' title='bbox 258 1593 359 1662; x_wconf 90' lang='lat' dir='ltr'>captus</span> <span class='ocrx_word' id='word_1_99' title='bbox 387 1588 439 1648; x_wconf 86' lang='lat' dir='ltr'>est&#39;.</span> <span class='ocrx_word' id='word_1_100' title='bbox 487 1587 545 1648; x_wconf 89' lang='lat' dir='ltr'>Sed</span> <span class='ocrx_word' id='word_1_101' title='bbox 558 1655 561 1662; x_wconf 49' lang='grc'>,</span> <span class='ocrx_word' id='word_1_102' title='bbox 575 1587 716 1648; x_wconf 82' lang='lat' dir='ltr'>infractus</span> <span class='ocrx_word' id='word_1_103' title='bbox 748 1588 843 1648; x_wconf 88' lang='lat' dir='ltr'>animo</span> <span class='ocrx_word' id='word_1_104' title='bbox 869 1597 987 1663; x_wconf 88' lang='lat' dir='ltr'>reparat</span> <span class='ocrx_word' id='word_1_105' title='bbox 1013 1592 1090 1651; x_wconf 84' lang='lat' dir='ltr'>uiros</span> <span class='ocrx_word' id='word_1_106' title='bbox 1116 1595 1203 1666; x_wconf 90' lang='lat' dir='ltr'>atquo</span> 
     </span>
     <span class='ocr_line' id='line_1_13' title="bbox 74 1693 1204 1770; baseline 0.004 -22"><span class='ocrx_word' id='word_1_107' title='bbox 74 1693 212 1752; x_wconf 84' lang='lat' dir='ltr'>exercitum</span> <span class='ocrx_word' id='word_1_108' title='bbox 229 1693 359 1766; x_wconf 78' lang='lat' dir='ltr'>¹colligit,</span> <span class='ocrx_word' id='word_1_109' title='bbox 389 1693 597 1752; x_wconf 85' lang='lat' dir='ltr'>conscribendo</span> <span class='ocrx_word' id='word_1_110' title='bbox 624 1698 683 1752; x_wconf 90' lang='lat' dir='ltr'>tem</span> <span class='ocrx_word' id='word_1_111' title='bbox 711 1693 824 1768; x_wconf 85' lang='lat' dir='ltr'>pedites</span> <span class='ocrx_word' id='word_1_112' title='bbox 850 1710 933 1768; x_wconf 89' lang='lat' dir='ltr'>quam</span> <span class='ocrx_word' id='word_1_113' title='bbox 955 1697 1082 1770; x_wconf 87' lang='lat' dir='ltr'>equites,</span> <span class='ocrx_word' id='word_1_114' title='bbox 1110 1696 1204 1754; x_wconf 85' lang='lat' dir='ltr'>itaut</span> 
     </span>
     <span class='ocr_line' id='line_1_14' title="bbox 73 1794 1205 1873; baseline 0.005 -21"><span class='ocrx_word' id='word_1_115' title='bbox 73 1794 226 1856; x_wconf 84' lang='lat' dir='ltr'>aduersariis</span> <span class='ocrx_word' id='word_1_116' title='bbox 253 1799 315 1857; x_wconf 87' lang='lat' dir='ltr'>suis</span> <span class='ocrx_word' id='word_1_117' title='bbox 335 1813 435 1857; x_wconf 89' lang='lat' dir='ltr'>rursus</span> <span class='ocrx_word' id='word_1_118' title='bbox 463 1795 575 1860; x_wconf 88' lang='lat' dir='ltr'>obuiam</span> <span class='ocrx_word' id='word_1_119' title='bbox 606 1797 666 1858; x_wconf 86' lang='lat' dir='ltr'>siva</span> <span class='ocrx_word' id='word_1_120' title='bbox 690 1797 720 1856; x_wconf 91' lang='lat' dir='ltr'>in</span> <span class='ocrx_word' id='word_1_121' title='bbox 747 1814 896 1858; x_wconf 87' lang='lat' dir='ltr'>occursum</span> <span class='ocrx_word' id='word_1_122' title='bbox 923 1800 965 1858; x_wconf 89' lang='lat' dir='ltr'>ire</span> <span class='ocrx_word' id='word_1_123' title='bbox 987 1805 1075 1873; x_wconf 89' lang='lat' dir='ltr'>atque</span> <span class='ocrx_word' id='word_1_124' title='bbox 1097 1815 1147 1859; x_wconf 85' lang='lat' dir='ltr'>eos</span> <span class='ocrx_word' id='word_1_125' title='bbox 1167 1798 1205 1858; x_wconf 89' lang='lat' dir='ltr'>ad</span> 
     </span>
     <span class='ocr_line' id='line_1_15' title="bbox 73 1895 1204 1976; baseline 0.003 -17"><span class='ocrx_word' id='word_1_126' title='bbox 73 1916 179 1972; x_wconf 81' lang='lat' dir='ltr'>pugnam</span> <span class='ocrx_word' id='word_1_127' title='bbox 198 1917 358 1975; x_wconf 87' lang='lat' dir='ltr'>provocare</span> <span class='ocrx_word' id='word_1_128' title='bbox 374 1900 576 1976; x_wconf 84' lang='lat' dir='ltr'>fortunamque</span> <span class='ocrx_word' id='word_1_129' title='bbox 591 1907 705 1962; x_wconf 87' lang='lat' dir='ltr'>tentare</span> <span class='ocrx_word' id='word_1_130' title='bbox 722 1895 919 1962; x_wconf 74' lang='lat' dir='ltr'>destinauerit..</span> <span class='ocrx_word' id='word_1_131' title='bbox 950 1903 983 1962; x_wconf 93' lang='lat' dir='ltr'>ld</span> <span class='ocrx_word' id='word_1_132' title='bbox 1002 1903 1095 1976; x_wconf 92' lang='lat' dir='ltr'>ipsum</span> <span class='ocrx_word' id='word_1_133' title='bbox 1116 1905 1204 1964; x_wconf 91' lang='lat' dir='ltr'>etiam</span> 
     </span>
     <span class='ocr_line' id='line_1_16' title="bbox 73 2005 1204 2079; baseline 0.006 -19"><span class='ocrx_word' id='word_1_134' title='bbox 73 2005 181 2079; x_wconf 87' lang='lat' dir='ltr'>episcopi</span> <span class='ocrx_word' id='word_1_135' title='bbox 210 2023 275 2066; x_wconf 90' lang='lat' dir='ltr'>cnm</span> <span class='ocrx_word' id='word_1_136' title='bbox 308 2005 468 2066; x_wconf 85' lang='lat' dir='ltr'>Saxonibus</span> <span class='ocrx_word' id='word_1_137' title='bbox 499 2011 529 2066; x_wconf 90' lang='lat' dir='ltr'>et</span> <span class='ocrx_word' id='word_1_138' title='bbox 561 2007 836 2068; x_wconf 88' lang='lat' dir='ltr'>Braunsvicensibus</span> <span class='ocrx_word' id='word_1_139' title='bbox 867 2024 904 2066; x_wconf 82' lang='lat' dir='ltr'>eu</span> <span class='ocrx_word' id='word_1_140' title='bbox 933 2008 1055 2068; x_wconf 84' lang='lat' dir='ltr'>adverso</span> <span class='ocrx_word' id='word_1_141' title='bbox 1085 2007 1204 2068; x_wconf 83' lang='lat' dir='ltr'>iaciunt.</span> 
     </span>
     <span class='ocr_line' id='line_1_17' title="bbox 71 2107 1205 2186; baseline 0.004 -21"><span class='ocrx_word' id='word_1_142' title='bbox 71 2107 208 2170; x_wconf 88' lang='lat' dir='ltr'>Pneccmur</span> <span class='ocrx_word' id='word_1_143' title='bbox 233 2113 335 2185; x_wconf 88' lang='lat' dir='ltr'>itaque</span> <span class='ocrx_word' id='word_1_144' title='bbox 355 2111 450 2171; x_wconf 90' lang='lat' dir='ltr'>Deum</span> <span class='ocrx_word' id='word_1_145' title='bbox 475 2112 700 2184; x_wconf 89' lang='lat' dir='ltr'>omnipotentem</span> <span class='ocrx_word' id='word_1_146' title='bbox 726 2112 988 2172; x_wconf 80' lang='lat' dir='ltr'>misericordiarum</span> <span class='ocrx_word' id='word_1_147' title='bbox 1013 2117 1141 2186; x_wconf 88' lang='lat' dir='ltr'>patrem,</span> <span class='ocrx_word' id='word_1_148' title='bbox 1172 2117 1205 2172; x_wconf 92' lang='lat' dir='ltr'>ut</span> 
     </span>
     <span class='ocr_line' id='line_1_18' title="bbox 75 2212 1077 2276; baseline 0.005 -7"><span class='ocrx_word' id='word_1_149' title='bbox 75 2212 254 2275; x_wconf 89' lang='lat' dir='ltr'>imminentem</span> <span class='ocrx_word' id='word_1_150' title='bbox 274 2214 445 2275; x_wconf 77' lang='lat' dir='ltr'>horribilem</span> <span class='ocrx_word' id='word_1_151' title='bbox 466 2215 629 2275; x_wconf 75' lang='lat' dir='ltr'>Germania</span> <span class='ocrx_word' id='word_1_152' title='bbox 651 2215 761 2275; x_wconf 89' lang='lat' dir='ltr'>cladem</span> <span class='ocrx_word' id='word_1_153' title='bbox 782 2217 938 2276; x_wconf 86' lang='lat' dir='ltr'>clementer</span> <span class='ocrx_word' id='word_1_154' title='bbox 957 2220 1077 2276; x_wconf 85' lang='lat' dir='ltr'>avertat.</span> 
     </span>
    </p>

    <p class='ocr_par' dir='ltr' id='par_1_4' title="bbox 70 2318 1204 2910">
     <span class='ocr_line' id='line_1_19' title="bbox 134 2318 1204 2396; baseline 0.002 -18"><span class='ocrx_word' id='word_1_155' title='bbox 134 2318 200 2382; x_wconf 83' lang='lat' dir='ltr'>llaeo</span> <span class='ocrx_word' id='word_1_156' title='bbox 219 2319 319 2393; x_wconf 84' lang='lat' dir='ltr'>luere,</span> <span class='ocrx_word' id='word_1_157' title='bbox 348 2337 412 2394; x_wconf 80' lang='lat' dir='ltr'>quae</span> <span class='ocrx_word' id='word_1_158' title='bbox 433 2325 492 2379; x_wconf 84' lang='lat' dir='ltr'>tuae</span> <span class='ocrx_word' id='word_1_159' title='bbox 513 2319 686 2394; x_wconf 79' lang='lat' dir='ltr'>flagitationi</span> <span class='ocrx_word' id='word_1_160' title='bbox 706 2320 881 2396; x_wconf 85' lang='lat' dir='ltr'>respondere</span> <span class='ocrx_word' id='word_1_161' title='bbox 908 2321 1063 2396; x_wconf 90' lang='lat' dir='ltr'>voluimus,</span> <span class='ocrx_word' id='word_1_162' title='bbox 1093 2325 1124 2380; x_wconf 91' lang='lat' dir='ltr'>ot</span> <span class='ocrx_word' id='word_1_163' title='bbox 1150 2320 1204 2380; x_wconf 88' lang='lat' dir='ltr'>tibi</span> 
     </span>
     <span class='ocr_line' id='line_1_20' title="bbox 71 2423 1204 2500; baseline 0.005 -22"><span class='ocrx_word' id='word_1_164' title='bbox 71 2437 98 2478; x_wconf 80' lang='lat' dir='ltr'>ex</span> <span class='ocrx_word' id='word_1_165' title='bbox 116 2425 204 2484; x_wconf 90' lang='lat' dir='ltr'>animo</span> <span class='ocrx_word' id='word_1_166' title='bbox 223 2423 307 2486; x_wconf 19' lang='lat' dir='ltr'>&#39;bene</span> <span class='ocrx_word' id='word_1_167' title='bbox 336 2425 472 2497; x_wconf 89' lang='lat' dir='ltr'>cupimus.</span> <span class='ocrx_word' id='word_1_168' title='bbox 515 2423 640 2484; x_wconf 77' lang='lat' dir='ltr'>cellario</span> <span class='ocrx_word' id='word_1_169' title='bbox 666 2441 780 2500; x_wconf 90' lang='lat' dir='ltr'>quoque</span> <span class='ocrx_word' id='word_1_170' title='bbox 808 2429 907 2484; x_wconf 90' lang='lat' dir='ltr'>nostro</span> <span class='ocrx_word' id='word_1_171' title='bbox 933 2425 1019 2498; x_wconf 77' lang='lat' dir='ltr'>Juxta</span> <span class='ocrx_word' id='word_1_172' title='bbox 1047 2423 1204 2500; x_wconf 89' lang='lat' dir='ltr'>petitiones</span> 
     </span>
     <span class='ocr_line' id='line_1_21' title="bbox 71 2513 1204 2604; baseline 0.006 -21"><span class='ocrx_word' id='word_1_173' title='bbox 71 2531 122 2586; x_wconf 88' lang='lat' dir='ltr'>tuas</span> <span class='ocrx_word' id='word_1_174' title='bbox 145 2545 195 2603; x_wconf 88' lang='lat' dir='ltr'>per</span> <span class='ocrx_word' id='word_1_175' title='bbox 228 2529 365 2603; x_wconf 89' lang='lat' dir='ltr'>litteras,</span> <span class='ocrx_word' id='word_1_176' title='bbox 396 2528 548 2589; x_wconf 85' lang='lat' dir='ltr'>tabellioni</span> <span class='ocrx_word' id='word_1_177' title='bbox 572 2534 622 2590; x_wconf 91' lang='lat' dir='ltr'>tuo</span> <span class='ocrx_word' id='word_1_178' title='bbox 648 2513 795 2604; x_wconf 82' lang='lat' dir='ltr'>traditas,¹</span> <span class='ocrx_word' id='word_1_179' title='bbox 821 2529 1006 2604; x_wconf 86' lang='lat' dir='ltr'>mundamus,</span> <span class='ocrx_word' id='word_1_180' title='bbox 1037 2537 1071 2590; x_wconf 91' lang='lat' dir='ltr'>ut</span> <span class='ocrx_word' id='word_1_181' title='bbox 1098 2531 1204 2592; x_wconf 85' lang='lat' dir='ltr'>uostris</span> 
     </span>
     <span class='ocr_line' id='line_1_22' title="bbox 70 2629 1203 2718; baseline 0.007 -32"><span class='ocrx_word' id='word_1_182' title='bbox 70 2629 210 2708; x_wconf 89' lang='lat' dir='ltr'>sumptibus</span> <span class='ocrx_word' id='word_1_183' title='bbox 230 2631 287 2691; x_wconf 91' lang='lat' dir='ltr'>tibi</span> <span class='ocrx_word' id='word_1_184' title='bbox 307 2649 395 2691; x_wconf 87' lang='lat' dir='ltr'>unum</span> <span class='ocrx_word' id='word_1_185' title='bbox 416 2651 432 2692; x_wconf 92' lang='lat' dir='ltr'>e</span> <span class='ocrx_word' id='word_1_186' title='bbox 454 2633 545 2718; x_wconf 85' lang='lat' dir='ltr'>servis</span> <span class='ocrx_word' id='word_1_187' title='bbox 566 2649 617 2693; x_wconf 89' lang='lat' dir='ltr'>sou</span> <span class='ocrx_word' id='word_1_188' title='bbox 639 2632 785 2710; x_wconf 88' lang='lat' dir='ltr'>equitibus</span> <span class='ocrx_word' id='word_1_189' title='bbox 814 2635 919 2694; x_wconf 90' lang='lat' dir='ltr'>nostris</span> <span class='ocrx_word' id='word_1_190' title='bbox 944 2634 1103 2710; x_wconf 82' lang='lat' dir='ltr'>adjungere</span> <span class='ocrx_word' id='word_1_191' title='bbox 1124 2636 1203 2705; x_wconf 87' lang='lat' dir='ltr'>volit,</span> 
     </span>
     <span class='ocr_line' id='line_1_23' title="bbox 71 2733 1203 2814; baseline 0.011 -24"><span class='ocrx_word' id='word_1_192' title='bbox 71 2733 109 2804; x_wconf 87' lang='lat' dir='ltr'>qui</span> <span class='ocrx_word' id='word_1_193' title='bbox 126 2741 153 2793; x_wconf 88' lang='lat' dir='ltr'>te</span> <span class='ocrx_word' id='word_1_194' title='bbox 172 2736 209 2796; x_wconf 90' lang='lat' dir='ltr'>ad</span> <span class='ocrx_word' id='word_1_195' title='bbox 236 2737 415 2798; x_wconf 88' lang='lat' dir='ltr'>destinatum</span> <span class='ocrx_word' id='word_1_196' title='bbox 440 2738 534 2797; x_wconf 88' lang='lat' dir='ltr'>locum</span> <span class='ocrx_word' id='word_1_197' title='bbox 563 2737 664 2813; x_wconf 87' lang='lat' dir='ltr'>ducat,</span> <span class='ocrx_word' id='word_1_198' title='bbox 692 2738 746 2799; x_wconf 91' lang='lat' dir='ltr'>tibi</span> <span class='ocrx_word' id='word_1_199' title='bbox 773 2743 881 2814; x_wconf 88' lang='lat' dir='ltr'>tuoque</span> <span class='ocrx_word' id='word_1_200' title='bbox 909 2756 984 2814; x_wconf 90' lang='lat' dir='ltr'>equo</span> <span class='ocrx_word' id='word_1_201' title='bbox 1007 2739 1203 2804; x_wconf 81' lang='lat' dir='ltr'>inserviendo.</span> 
     </span>
     <span class='ocr_line' id='line_1_24' title="bbox 70 2825 230 2910; baseline 0.044 -14"><span class='ocrx_word' id='word_1_202' title='bbox 70 2839 134 2901; x_wconf 89' lang='lat' dir='ltr'>Bene</span> <span class='ocrx_word' id='word_1_203' title='bbox 153 2825 230 2910; x_wconf 61' lang='lat' dir='ltr'>vales</span> 
     </span>
    </p>

    <p class='ocr_par' dir='ltr' id='par_1_5' title="bbox 703 2948 1123 3010">
     <span class='ocr_line' id='line_1_25' title="bbox 703 2948 1123 3010; baseline -0.002 -2"><span class='ocrx_word' id='word_1_204' title='bbox 703 2948 808 3010; x_wconf 89' lang='lat' dir='ltr'>Urachi</span> <span class='ocrx_word' id='word_1_205' title='bbox 830 2952 869 3009; x_wconf 85' lang='lat'>30</span> <span class='ocrx_word' id='word_1_206' title='bbox 889 2949 960 3010; x_wconf 89' lang='lat' dir='ltr'>Julii</span> <span class='ocrx_word' id='word_1_207' title='bbox 981 2965 1057 3010; x_wconf 90' lang='lat' dir='ltr'>anuo</span> <span class='ocrx_word' id='word_1_208' title='bbox 1076 2951 1123 3010; x_wconf 83' lang='lat'>53.</span> 
     </span>
    </p>
   </div>
   <div class='ocr_carea' id='block_1_3' title="bbox 212 3194 948 3394">
    <p class='ocr_par' dir='ltr' id='par_1_6' title="bbox 212 3194 948 3394">
     <span class='ocr_line' id='line_1_26' title="bbox 212 3194 641 3249; baseline 0.009 -5"><span class='ocrx_word' id='word_1_209' title='bbox 212 3210 224 3244; x_wconf 71' lang='lat' dir='ltr'>s</span> <span class='ocrx_word' id='word_1_210' title='bbox 271 3213 272 3216; x_wconf 41' lang='lat'>¹</span> <span class='ocrx_word' id='word_1_211' title='bbox 612 3194 641 3249; x_wconf 77' lang='lat'>4.</span> 
     </span>
     <span class='ocr_line' id='line_1_27' title="bbox 360 3285 948 3394; baseline 0.01 -25"><span class='ocrx_word' id='word_1_212' title='bbox 360 3285 549 3394; x_wconf 72' lang='lat' dir='ltr'>Vergeran</span> <span class='ocrx_word' id='word_1_213' title='bbox 573 3308 691 3392; x_wconf 81' lang='lat' dir='ltr'>herzog</span> <span class='ocrx_word' id='word_1_214' title='bbox 715 3307 898 3393; x_wconf 76' lang='lat' dir='ltr'>christoph.</span> <span class='ocrx_word' id='word_1_215' title='bbox 945 3315 948 3320; x_wconf 80' lang='grc'>’</span> 
     </span>
    </p>
   </div>
   <div class='ocr_carea' id='block_1_4' title="bbox 127 3419 1203 3596">
    <p class='ocr_par' dir='ltr' id='par_1_7' title="bbox 127 3419 1203 3596">
     <span class='ocr_line' id='line_1_28' title="bbox 438 3419 817 3494; baseline 0 -15"><span class='ocrx_word' id='word_1_216' title='bbox 438 3419 517 3479; x_wconf 78' lang='lat' dir='ltr'>Ghur</span> <span class='ocrx_word' id='word_1_217' title='bbox 539 3422 574 3478; x_wconf 90' lang='lat'>10</span> <span class='ocrx_word' id='word_1_218' title='bbox 595 3421 710 3494; x_wconf 79' lang='lat' dir='ltr'>August</span> <span class='ocrx_word' id='word_1_219' title='bbox 733 3421 817 3479; x_wconf 77' lang='lat'>1553.</span> 
     </span>
     <span class='ocr_line' id='line_1_29' title="bbox 127 3522 1203 3596; baseline 0.007 -22"><span class='ocrx_word' id='word_1_220' title='bbox 127 3523 329 3579; x_wconf 84' lang='lat' dir='ltr'>Nachrichten-</span> <span class='ocrx_word' id='word_1_221' title='bbox 341 3523 409 3578; x_wconf 88' lang='lat' dir='ltr'>iiber</span> <span class='ocrx_word' id='word_1_222' title='bbox 428 3523 482 3578; x_wconf 88' lang='lat' dir='ltr'>den</span> <span class='ocrx_word' id='word_1_223' title='bbox 502 3522 706 3580; x_wconf 84' lang='lat' dir='ltr'>thronwechsel</span> <span class='ocrx_word' id='word_1_224' title='bbox 725 3522 754 3576; x_wconf 89' lang='lat' dir='ltr'>in</span> <span class='ocrx_word' id='word_1_225' title='bbox 773 3525 919 3596; x_wconf 82' lang='lat' dir='ltr'>England,</span> <span class='ocrx_word' id='word_1_226' title='bbox 949 3527 1003 3582; x_wconf 89' lang='lat' dir='ltr'>don</span> <span class='ocrx_word' id='word_1_227' title='bbox 1022 3527 1203 3584; x_wconf 73' lang='lat' dir='ltr'>fianudsisoh·</span> 
     </span>
    </p>
   </div>
   <div class='ocr_carea' id='block_1_5' title="bbox 619 3663 634 3695">
    <p class='ocr_par' dir='ltr' id='par_1_8' title="bbox 619 3663 634 3695">
     <span class='ocr_line' id='line_1_30' title="bbox 619 3663 634 3695; baseline 0 0"><span class='ocrx_word' id='word_1_228' title='bbox 619 3663 634 3695; x_wconf 70' lang='lat' dir='ltr'>ss</span> 
     </span>
    </p>
   </div>
   <div class='ocr_carea' id='block_1_6' title="bbox 69 3731 1245 4314">
    <p class='ocr_par' dir='ltr' id='par_1_9' title="bbox 69 3731 1245 4314">
     <span class='ocr_line' id='line_1_31' title="bbox 128 3731 1203 3807; baseline 0.009 -25"><span class='ocrx_word' id='word_1_229' title='bbox 128 3731 139 3782; x_wconf 97' lang='lat' dir='ltr'>l</span> <span class='ocrx_word' id='word_1_230' title='bbox 157 3732 276 3798; x_wconf 84' lang='lat' dir='ltr'>lohann,</span> <span class='ocrx_word' id='word_1_231' title='bbox 297 3733 400 3804; x_wconf 83' lang='lat' dir='ltr'>herzog</span> <span class='ocrx_word' id='word_1_232' title='bbox 413 3749 468 3789; x_wconf 87' lang='lat' dir='ltr'>von</span> <span class='ocrx_word' id='word_1_233' title='bbox 480 3733 757 3805; x_wconf 68' lang='lat' dir='ltr'>Nerthumberlend,</span> <span class='ocrx_word' id='word_1_234' title='bbox 768 3735 834 3807; x_wconf 80' lang='lat' dir='ltr'>graf</span> <span class='ocrx_word' id='word_1_235' title='bbox 849 3753 902 3792; x_wconf 89' lang='lat' dir='ltr'>von</span> <span class='ocrx_word' id='word_1_236' title='bbox 916 3737 1064 3804; x_wconf 82' lang='lat' dir='ltr'>Warwiok,</span> <span class='ocrx_word' id='word_1_237' title='bbox 1086 3737 1203 3794; x_wconf 86' lang='lat' dir='ltr'>brachie</span> 
     </span>
     <span class='ocr_line' id='line_1_32' title="bbox 69 3814 1245 3892; baseline 0.012 -24"><span class='ocrx_word' id='word_1_238' title='bbox 69 3814 130 3872; x_wconf 86' lang='lat' dir='ltr'>scine</span> <span class='ocrx_word' id='word_1_239' title='bbox 147 3821 413 3892; x_wconf 79' lang='lat' dir='ltr'>soh-nriegertochter</span> <span class='ocrx_word' id='word_1_240' title='bbox 431 3821 562 3880; x_wconf 82' lang='lat' dir='ltr'>lohanna</span> <span class='ocrx_word' id='word_1_241' title='bbox 582 3822 676 3891; x_wconf 78' lang='lat' dir='ltr'>Gray,</span> <span class='ocrx_word' id='word_1_242' title='bbox 697 3822 742 3878; x_wconf 90' lang='lat' dir='ltr'>die</span> <span class='ocrx_word' id='word_1_243' title='bbox 761 3823 875 3878; x_wconf 79' lang='lat' dir='ltr'>Eduard</span> <span class='ocrx_word' id='word_1_244' title='bbox 887 3823 927 3880; x_wconf 92' lang='lat' dir='ltr'>VI</span> <span class='ocrx_word' id='word_1_245' title='bbox 945 3824 974 3878; x_wconf 91' lang='lat' dir='ltr'>in</span> <span class='ocrx_word' id='word_1_246' title='bbox 993 3825 1097 3881; x_wconf 87' lang='lat' dir='ltr'>seinem</span> <span class='ocrx_word' id='word_1_247' title='bbox 1116 3826 1202 3882; x_wconf 83' lang='lat' dir='ltr'>testa·</span> <span class='ocrx_word' id='word_1_248' title='bbox 1230 3833 1245 3856; x_wconf 81' lang='grc'><em>“</em></span> 
     </span>
     <span class='ocr_line' id='line_1_33' title="bbox 70 3906 1202 3984; baseline 0.013 -30"><span class='ocrx_word' id='word_1_249' title='bbox 70 3906 134 3959; x_wconf 86' lang='lat' dir='ltr'>ment</span> <span class='ocrx_word' id='word_1_250' title='bbox 150 3925 195 3962; x_wconf 86' lang='lat' dir='ltr'>nur</span> <span class='ocrx_word' id='word_1_251' title='bbox 213 3908 410 3978; x_wconf 82' lang='lat' dir='ltr'>nuchfolgerin</span> <span class='ocrx_word' id='word_1_252' title='bbox 429 3909 576 3964; x_wconf 82' lang='lat' dir='ltr'>bestimmt</span> <span class='ocrx_word' id='word_1_253' title='bbox 595 3909 689 3964; x_wconf 86' lang='lat' dir='ltr'>habau</span> <span class='ocrx_word' id='word_1_254' title='bbox 708 3911 799 3976; x_wconf 86' lang='lat' dir='ltr'>sollte,</span> <span class='ocrx_word' id='word_1_255' title='bbox 819 3911 914 3976; x_wconf 86' lang='lat' dir='ltr'>dahin,</span> <span class='ocrx_word' id='word_1_256' title='bbox 934 3912 997 3967; x_wconf 88' lang='lat' dir='ltr'>dass</span> <span class='ocrx_word' id='word_1_257' title='bbox 1014 3913 1053 3967; x_wconf 86' lang='lat' dir='ltr'>sie</span> <span class='ocrx_word' id='word_1_258' title='bbox 1072 3912 1117 3968; x_wconf 88' lang='lat' dir='ltr'>die</span> <span class='ocrx_word' id='word_1_259' title='bbox 1135 3930 1202 3984; x_wconf 81' lang='lat' dir='ltr'>eng·</span> 
     </span>
     <span class='ocr_line' id='line_1_34' title="bbox 69 3986 1202 4062; baseline 0.011 -20"><span class='ocrx_word' id='word_1_260' title='bbox 69 3986 140 4048; x_wconf 89' lang='lat' dir='ltr'>lische</span> <span class='ocrx_word' id='word_1_261' title='bbox 156 3994 243 4052; x_wconf 83' lang='lat' dir='ltr'>krone</span> <span class='ocrx_word' id='word_1_262' title='bbox 263 3995 403 4062; x_wconf 81' lang='lat' dir='ltr'>anuahm3</span> <span class='ocrx_word' id='word_1_263' title='bbox 423 3997 727 4062; x_wconf 65' lang='lat' dir='ltr'>quorumeunque,</span> <span class='ocrx_word' id='word_1_264' title='bbox 753 4000 798 4054; x_wconf 90' lang='lat' dir='ltr'>die</span> <span class='ocrx_word' id='word_1_265' title='bbox 823 4000 934 4056; x_wconf 84' lang='lat' dir='ltr'>toohter</span> <span class='ocrx_word' id='word_1_266' title='bbox 952 3999 1124 4055; x_wconf 81' lang='lat' dir='ltr'>Kathariuas</span> <span class='ocrx_word' id='word_1_267' title='bbox 1148 4017 1202 4056; x_wconf 91' lang='lat' dir='ltr'>von</span> 
     </span>
     <span class='ocr_line' id='line_1_35' title="bbox 69 4075 1203 4164; baseline 0.006 -30"><span class='ocrx_word' id='word_1_268' title='bbox 69 4075 227 4150; x_wconf 78' lang='lat' dir='ltr'>inagonien</span> <span class='ocrx_word' id='word_1_269' title='bbox 244 4083 302 4139; x_wconf 85' lang='lat' dir='ltr'>lielt</span> <span class='ocrx_word' id='word_1_270' title='bbox 322 4083 381 4139; x_wconf 90' lang='lat' dir='ltr'>sich</span> <span class='ocrx_word' id='word_1_271' title='bbox 400 4101 448 4138; x_wconf 81' lang='lat' dir='ltr'>zur</span> <span class='ocrx_word' id='word_1_272' title='bbox 465 4081 585 4152; x_wconf 78' lang='lat' dir='ltr'>kdnigin</span> <span class='ocrx_word' id='word_1_273' title='bbox 604 4085 751 4150; x_wconf 80' lang='lat' dir='ltr'>ausrufen,</span> <span class='ocrx_word' id='word_1_274' title='bbox 785 4086 915 4157; x_wconf 80' lang='lat' dir='ltr'>ndthigie</span> <span class='ocrx_word' id='word_1_275' title='bbox 934 4086 1064 4164; x_wconf 79' lang='lat' dir='ltr'>Johanuu</span> <span class='ocrx_word' id='word_1_276' title='bbox 1088 4105 1137 4142; x_wconf 84' lang='lat' dir='ltr'>zur</span> <span class='ocrx_word' id='word_1_277' title='bbox 1155 4087 1203 4142; x_wconf 86' lang='lat' dir='ltr'>ab·</span> 
     </span>
     <span class='ocr_line' id='line_1_36' title="bbox 70 4161 1203 4244; baseline 0.011 -27"><span class='ocrx_word' id='word_1_278' title='bbox 70 4161 205 4239; x_wconf 83' lang='lat' dir='ltr'>dauknng,</span> <span class='ocrx_word' id='word_1_279' title='bbox 231 4170 318 4225; x_wconf 89' lang='lat' dir='ltr'>nahm</span> <span class='ocrx_word' id='word_1_280' title='bbox 342 4171 599 4228; x_wconf 80' lang='lat' dir='ltr'>Northumberland</span> <span class='ocrx_word' id='word_1_281' title='bbox 627 4171 767 4243; x_wconf 78' lang='lat' dir='ltr'>gefangen</span> <span class='ocrx_word' id='word_1_282' title='bbox 795 4175 852 4228; x_wconf 90' lang='lat' dir='ltr'>und</span> <span class='ocrx_word' id='word_1_283' title='bbox 875 4172 933 4228; x_wconf 82' lang='lat' dir='ltr'>liess</span> <span class='ocrx_word' id='word_1_284' title='bbox 960 4173 1010 4228; x_wconf 88' lang='lat' dir='ltr'>ihu</span> <span class='ocrx_word' id='word_1_285' title='bbox 1035 4173 1068 4228; x_wconf 76' lang='lat'>22</span> <span class='ocrx_word' id='word_1_286' title='bbox 1093 4175 1203 4244; x_wconf 78' lang='lat' dir='ltr'>August</span> 
     </span>
     <span class='ocr_line' id='line_1_37' title="bbox 71 4250 460 4314; baseline 0.031 -13"><span class='ocrx_word' id='word_1_287' title='bbox 71 4250 127 4306; x_wconf 78' lang='lat'>1553</span> <span class='ocrx_word' id='word_1_288' title='bbox 142 4253 307 4314; x_wconf 78' lang='lat' dir='ltr'>hinriohten.</span> <span class='ocrx_word' id='word_1_289' title='bbox 455 4262 460 4266; x_wconf 82' lang='grc'><strong>’</strong></span> 
     </span>
    </p>
   </div>
   <div class='ocr_carea' id='block_1_7' title="bbox 72 4339 1203 4480">
    <p class='ocr_par' dir='ltr' id='par_1_10' title="bbox 72 4339 1203 4480">
     <span class='ocr_line' id='line_1_38' title="bbox 108 4339 1203 4476; baseline 0.004 -78"><span class='ocrx_word' id='word_1_290' title='bbox 108 4341 143 4476; x_wconf 68' lang='lat' dir='ltr'>hi</span> <span class='ocrx_word' id='word_1_291' title='bbox 160 4342 374 4411; x_wconf 75' lang='lat' dir='ltr'>dievershausen</span> <span class='ocrx_word' id='word_1_292' title='bbox 395 4363 414 4402; x_wconf 90' lang='lat' dir='ltr'>s.</span> <span class='ocrx_word' id='word_1_293' title='bbox 430 4347 471 4402; x_wconf 85' lang='lat' dir='ltr'>br.</span> <span class='ocrx_word' id='word_1_294' title='bbox 485 4350 508 4413; x_wconf 78' lang='lat'>2,</span> <span class='ocrx_word' id='word_1_295' title='bbox 529 4367 554 4402; x_wconf 85' lang='lat' dir='ltr'>a.</span> <span class='ocrx_word' id='word_1_296' title='bbox 568 4349 591 4402; x_wconf 84' lang='lat'>5.</span> <span class='ocrx_word' id='word_1_297' title='bbox 620 4348 656 4403; x_wconf 78' lang='lat' dir='ltr'>lis</span> <span class='ocrx_word' id='word_1_298' title='bbox 675 4349 742 4404; x_wconf 72' lang='lat' dir='ltr'>lnam</span> <span class='ocrx_word' id='word_1_299' title='bbox 760 4339 889 4404; x_wconf 84' lang='lat' dir='ltr'>indesseu</span> <span class='ocrx_word' id='word_1_300' title='bbox 908 4367 942 4402; x_wconf 83' lang='lat' dir='ltr'>nu</span> <span class='ocrx_word' id='word_1_301' title='bbox 959 4349 1057 4404; x_wconf 86' lang='lat' dir='ltr'>keiner</span> <span class='ocrx_word' id='word_1_302' title='bbox 1076 4349 1203 4404; x_wconf 89' lang='lat' dir='ltr'>schlaoht</span> 
     </span>
     <span class='ocr_line' id='line_1_39' title="bbox 72 4435 145 4480; baseline 0.11 -8"><span class='ocrx_word' id='word_1_303' title='bbox 72 4435 107 4476; x_wconf 84' lang='lat' dir='ltr'>nra</span> <span class='ocrx_word' id='word_1_304' title='bbox 125 4443 145 4480; x_wconf 90' lang='lat' dir='ltr'>r.</span> 
     </span>
    </p>
   </div>
   <div class='ocr_carea' id='block_1_8' title="bbox 0 0 1460 5080">
    <p class='ocr_par' dir='ltr' id='par_1_11' title="bbox 0 0 1460 5080">
     <span class='ocr_line' id='line_1_40' title="bbox 0 0 1460 5080; baseline 0 2"><span class='ocrx_word' id='word_1_305' title='bbox 0 0 1460 5080; x_wconf 95' lang='lat' dir='ltr'> </span> 
     </span>
    </p>
   </div>
  </div>
 </body>
</html>
