2830 5078
49 381 108 436 nass
577 389 637 453 185
668 469 671 476 ,

47 554 96 612 ond
115 554 272 616 dermassen
293 557 437 632 gemacht,
458 557 515 620 dab
536 575 567 620 es
588 577 623 620 ιιι
643 559 818 634 erbanwnng
838 564 935 634 gotter
949 561 1023 636 glori
1045 562 1104 622 nnd
1125 579 1176 624 eer

45 665 136 730 ganntz
154 659 309 722 forderlicb
331 663 390 723 und
411 664 610 726 ersehiesslich
630 667 693 726 eain
715 665 820 726 werde.

111 762 233 824 Wollten
251 769 303 826 wir
318 767 352 826 Ε.
363 767 397 828 L.
418 767 470 828 eni
487 767 548 830 sain
565 769 696 843 Vergerii
718 769 912 844 nodertbenig
931 770 988 830 bitt
1009 771 1066 830 und
1086 771 1176 845 begar

44 866 291 930 freondlicberond
306 873 502 936 cristemioher
512 875 701 950 wolmcinnng
715 877 757 936 nit
773 875 890 950 bergen,
912 876 969 936 und
984 877 1065 936 seind
1086 876 1175 938 deren

45 973 159 1034 danaber
179 976 232 1034 mit
257 975 466 1038 benndlicbem
493 979 551 1039 und
578 980 808 1041 brnederlicbem
835 979 1080 1054 willenffadienen
1107 984 1174 1046 nol·

47 1079 153 1154 genaigt.

107 1186 209 1248 Datum
231 1187 381 1263 totingen
402 1189 459 1250 den
480 1193 498 1250 2
520 1188 681 1252 December
700 1205 776 1250 enno
797 1190 844 1250 58.

579 1427 626 1485 71.

332 1537 457 1625 Verger
480 1561 522 1604 an
544 1538 664 1626 herzog
685 1537 869 1625 Christoph.

349 1652 499 1725 'l'ttbingen
525 1654 564 1712 30
584 1651 745 1712 December
768 1655 852 1712 1558.

98 1753 290 1810 Naebriobben
309 1771 358 1810 eus
376 1753 471 1810 Pelen.
590 1739 617 1794 .'

108 1849 304 1912 Illustrissime
325 1853 461 1926 Princeps
483 1857 512 1911 et
531 1851 653 1911 Domine
673 1853 795 1911 Domine
817 1851 1060 1912 clementissime!

107 1957 252 2030 Dignetur
273 1955 422 2016 celsitudo
442 1957 541 2029 legere
562 1957 627 2026 bas,
656 1973 727 2030 quas
747 1957 829 2015 mitto
850 1956 979 2025 litteras,
1008 1957 1111 2032 quibus
1132 1959 1174 2016 in-

44 2058 139 2132 telliget
159 2061 195 2120 de
218 2067 297 2120 statu
318 2061 456 2121 Poloniee.
497 2061 625 2135 Nobilis,
654 2061 702 2136 qui
723 2061 838 2132 attulit,
860 2059 999 2133 affirmat,
1022 2067 1173 2136 utromque

42 2163 151 2236 reginam
172 2165 328 2224 Poloniae¹
355 2167 466 2226 scilieet
488 2173 517 2226 et
539 2164 695 2239 Uogariae'
716 2168 821 2226 vivere.
863 2165 995 2225 Orandns
1015 2165 1110 2236 Deus,
1141 2169 1174 2224 ut

41 2265 103 2325 adsit
121 2249 293 2342 suospiritu
309 2269 472 2327 dPolonis.
504 2268 575 2326 Cum
596 2285 648 2327 rex
669 2267 739 2327 nibil
760 2269 918 2342 scripserit,
940 2275 973 2329 ut
994 2270 1173 2344 promiserat,

42 2369 69 2426 de
95 2379 224 2447 tempore
252 2373 433 2434 celebrandae
464 2374 570 2443 dietae,
601 2374 773 2434 crediderim
794 2377 986 2448 scripturum,
1017 2381 1050 2433 nt
1070 2376 1173 2434 saltem

42 2476 289 2538 Vestradelsitedo
310 2479 346 2537 ad
367 2481 538 2555 colloquium
560 2483 671 2554 mittat3
693 2482 734 2540 ita
755 2479 859 2540 olfacio
881 2496 917 2537 ex
937 2481 1000 2539 aliis
1020 2479 1174 2539 amicornm

42 2579 138 2642 litteris.
179 2583 357 2643 Commendo
378 2600 423 2641 me
445 2589 615 2643 reverenter
636 2583 749 2642 Vestrae
769 2583 974 2642 Illustrissimae
995 2581 1173 2640 Gelsitudini.

103 2689 244 2762 Tubingae
265 2689 351 2746 XXX
372 2687 541 2748 Decembris
564 2689 648 2747 1558.

180 2791 295 2850 Vestrae
317 2791 523 2850 Illustrissimae
544 2791 730 2852 Celsitndinis
751 2789 1019 2850 observantissimus

930 2893 1096 2968 Vergerius.

569 3133 638 3189 ila.

241 3251 370 3339 Herzog
392 3251 584 3336 Chrisbophs
606 3256 748 3319 antworb
770 3253 828 3318 auf
846 3276 879 3318 ιι.
904 3259 955 3318 71.

108 3381 329 3456 Christopborus
350 3401 377 3442 u.
399 3400 421 3442 s.
442 3401 476 3442 w.

107 3485 232 3547 Salutem
261 3488 336 3546 dico.
367 3489 571 3561 *Reseranda
600 3489 789 3562 singulariter
817 3488 899 3548 nobis
927 3489 1047 3548 dilecte!
1097 3488 1174 3560 Quas

44 3585 144 3650 litteras
161 3593 235 3665 regii
256 3593 406 3651 secretarii
418 3593 455 3652 de
470 3599 547 3652 statu
563 3594 784 3668 regniPolonici
799 3583 882 3653 nobis
896 3593 1035 3667 legendas
1048 3593 1173 3661 misistis,

45 3706 91 3749 non
110 3693 224 3754 inerunt
245 3697 327 3756 nobis
347 3697 424 3756 lecto
445 3695 620 3771 iniucnndse.
661 3699 725 3758 Etsi
741 3705 842 3758 autem
863 3699 1033 3772 cogitamus,
1054 3695 1173 3769 praedic-

45 3798 93 3852 tom
111 3801 216 3874 regium
237 3785 424 3859 secretarium
445 3804 541 3862 metiri
569 3804 692 3862 aliorum
720 3805 829 3862 animos
855 3819 870 3861 e
899 3819 950 3862 suo
979 3803 1113 3875 ingenio,
1145 3807 1175 3858 ct

45 3903 157 3970 polliceri
177 3907 230 3967 sibi
249 3924 302 3982 pro
330 3907 374 3966 sui
404 3909 498 3967 cordis
526 3909 671 3968 desiderio
692 3908 804 3968 felicem
832 3912 967 3967 eventum
993 3905 1174 3966 comitiorum

45 4003 163 4082 Poloniae,
183 4029 271 4085 qnare
292 4011 424 4072 fortassis
444 4015 530 4086 longe
552 4015 625 4072 alias
646 4017 704 4073 erit
724 4015 827 4086 exitus,
850 4030 933 4087 qnam
949 4017 1057 4086 sperat,
1078 4018 1173 4070 tamen

46 4107 231 4183 inpraesentia
252 4123 282 4175 et
303 4118 357 4176 boc
377 4135 484 4176 rorum·
499 4124 576 4177 statu
600 4135 656 4178 non
677 4136 828 4192 possumus
848 4117 933 4177 aliam
955 4134 1039 4190 opem
1059 4115 1173 4187 afferre,

593 4248 608 4282 *

109 4345 122 4398 1
138 4345 295 4414 Katharina',
314 4349 424 4404 toohber
442 4349 615 4406 Perdinands
633 4349 654 4415 1,
675 4348 737 4421 gab.
758 4350 834 4416 1533,
853 4351 965 4420 1[1572.

108 4430 221 4492 itteris
240 4453 293 4491 von
315 4436 439 4508 Ungarn,
457 4437 631 4493 Fordimands
651 4437 665 4491 1
683 4437 840 4504 schwesber,
858 4439 875 4505 †
895 4437 928 4492 18
946 4436 1006 4492 Oct.
1027 4436 1103 4490 1558.
