2884 5074
758 361 823 420 446

744 611 835 668 23la

595 739 732 823 Ludwig
755 737 880 821 Verger
902 759 943 802 sn
968 740 982 800 l

751 871 833 927 1565.

284 991 391 1062 Wegeu
412 991 461 1044 der
479 989 750 1060 begrdbuiiikosten.

295 1089 405 1147 Placuit
428 1089 621 1146 illustrissimo
649 1088 770 1159 principi
798 1103 849 1160 pro
875 1103 984 1144 summa
1005 1087 1069 1158 ejus
1090 1085 1247 1142 elementia
1268 1088 1352 1143 statim

214 1199 420 1267 postmortem
442 1191 537 1262 putrui
559 1190 614 1247 mei
637 1189 706 1266 (piae
726 1189 885 1266 memoriae)
901 1190 1007 1248 rectori
1020 1187 1197 1261 Tubingeusi
1220 1190 1354 1248 mandare.

215 1313 272 1372 quc
294 1303 378 1371 pacto
400 1293 488 1354 vellet
509 1295 686 1369 sepulturam
706 1294 787 1366 lieri,
816 1295 898 1353 simul
921 1295 1046 1354 addens:
1079 1295 1171 1368 quod,
1200 1296 1224 1352 si
1245 1302 1354 1369 patruus

212 1407 278 1474 post
298 1417 328 1456 se
348 1403 461 1456 tontum
475 1413 530 1455 non
544 1397 718 1469 reliquisset,
741 1397 875 1456 cellarius
890 1399 953 1470 ejus
969 1399 1149 1458 celsitudinis
1162 1401 1353 1458 illustrissime

214 1505 328 1562 nomine
350 1504 515 1576 persolvere
537 1501 666 1561 deberet.

211 1627 215 1632 ·
293 1605 430 1678 Sumptus
452 1603 584 1682 minores,
607 1621 679 1678 quos
700 1605 793 1677 potui,
815 1608 950 1679 persolvi,
973 1609 1097 1681 majores
1119 1629 1202 1678 vero.
1225 1629 1288 1671 cum
1307 1629 1354 1669 non

215 1727 341 1785 possem,
369 1709 441 1783 petii
463 1712 637 1783 sacellario,
670 1717 702 1769 ut
723 1713 809 1785 juxta
834 1713 1019 1772 illustrissimi
1040 1717 1179 1791 principis
1200 1717 1354 1776 mandatum

214 1817 402 1891 persolveret.
443 1819 483 1877 nt
502 1818 552 1876 ille
573 1834 603 1877 se
624 1817 684 1877 tale
706 1818 775 1891 quid
796 1817 988 1878 immundatis
1009 1839 1065 1880 non
1094 1823 1223 1894 habere,
1256 1839 1307 1881 nec
1328 1839 1354 1880 se

215 1925 429 1996 persoluturum
450 1921 553 1996 inquit,
576 1924 629 1982 risi
651 1925 708 1982 alio
729 1924 765 1981 ab
787 1925 982 1984 illustrissimo
1003 1927 1133 2000 principe
1151 1934 1271 2000 accepto
1287 1943 1354 1984 mau-

216 2029 293 2088 dato.

295 2134 391 2205 Quare
413 2139 457 2190 est
478 2147 542 2190 mea
562 2133 680 2204 petitio,
710 2140 759 2202 nt,
788 2151 849 2191 cnm
871 2134 1059 2192 illustrissimi
1078 2137 1217 2209 principis
1243 2138 1306 2194 talis
1325 2139 1356 2194 sit

215 2239 358 2310 voluutas,
380 2238 408 2295 ei
428 2253 504 2296 nuno
523 2236 662 2308 presenti
682 2236 805 2309 plenius,
828 2237 896 2309 quid
918 2253 1005 2308 agere
1027 2238 1142 2310 debeat,
1166 2216 1323 2298 mandetur.

295 2343 402 2415 Quales
423 2342 480 2402 sint
501 2347 632 2413 sumptus
652 2339 753 2412 icturi,
781 2341 818 2399 ad
847 2359 971 2414 unguem
995 2344 1128 2416 judicare
1157 2361 1214 2402 non
1243 2360 1357 2417 possum,
1430 2355 1431 2362 ¹

215 2449 302 2507 credo
323 2455 420 2506 tomen
442 2447 633 2522 quodraginta
653 2447 771 2507 florenis
792 2465 863 2520 opus
883 2448 955 2508 foro.
988 2449 1050 2508 Hoc
1070 2457 1165 2508 tamen
1189 2452 1262 2521 scic,
1283 2464 1357 2521 opor·
1430 2441 1431 2493 l

213 2561 277 2612 tere
299 2553 399 2626 uiginti
420 2569 574 2626 exponere,
595 2559 750 2626 propteroa
771 2554 847 2626 quod
868 2554 897 2611 iu
920 2555 1027 2628 templo
1048 2547 1085 2612 sit
1106 2555 1247 2626 sepultus.
1289 2553 1355 2626 Quid

216 2675 267 2730 pro
288 2658 384 2732 lapide
406 2666 436 2716 et
457 2675 509 2730 pro
531 2657 677 2732 epitaphio
700 2659 738 2717 sit
758 2658 893 2730 dandum,
916 2661 1027 2731 ignoro.

295 2763 449 2837 Reliquum
470 2769 524 2834 est,
546 2770 679 2835 patruum
699 2765 729 2821 in
751 2763 850 2824 morbo
871 2781 888 2822 a
909 2782 962 2823 suo
983 2764 1097 2838 hospite
1119 2765 1198 2838 ligna
1219 2765 1356 2837 accepisse

217 2886 251 2928 eo
272 2870 386 2936 animo,
418 2875 450 2926 ut
470 2869 506 2927 de
526 2869 599 2941 illis,
625 2885 689 2942 quae
709 2869 922 2928 illustrissimus
949 2869 1083 2944 princeps
1113 2871 1268 2944 quotannis
1296 2869 1357 2927 dare

216 2975 318 3033 solitus
340 2982 398 3043 est,
427 2973 577 3044 redderet,
599 2988 697 3030 verum
719 2973 798 3046 prius
819 2971 903 3043 obiit,
935 2989 1018 3045 quam
1040 2973 1125 3046 liujus
1146 2973 1214 3031 anui
1236 2974 1313 3046 ligna
1332 2973 1355 3028 ei

216 3079 325 3139 fuerint
345 3081 443 3139 allatu.
475 3079 540 3137 darn
562 3083 673 3136 mortuo
695 3077 830 3136 silvarum
852 3076 1005 3150 preelectus
1026 3080 1103 3150 ligna
1124 3079 1195 3136 dure
1216 3097 1273 3138 non
1296 3078 1355 3134 rull.

218 3185 324 3257 Quare,
345 3201 408 3244 oum
430 3185 638 3244 illustrissimus
659 3177 791 3256 prin'ceps
812 3182 925 3256 reliqua
947 3185 1041 3242 nuruis
1062 3185 1124 3242 dari
1142 3185 1276 3256 jusserit,
1303 3199 1358 3256 que

216 3289 253 3347 ud
268 3288 371 3348 festum
384 3289 502 3361 Georgii
518 3289 580 3348 dari
596 3289 772 3358 debuissent,
796 3306 851 3346 non
868 3289 976 3357 dubito,
1000 3290 1062 3361 ejus
1077 3289 1276 3347 celsitudinem
1289 3287 1357 3357 ligna

216 3411 329 3467 quoque
350 3396 536 3454 intellexisse.
568 3393 596 3452 Si
619 3411 687 3466 ergo
709 3395 774 3452 talis
796 3401 839 3453 est
860 3393 1043 3452 illustrissimi
1065 3393 1205 3466 principis
1223 3395 1355 3460 voluntas,

216 3516 288 3572 opus
310 3499 365 3556 erit
386 3497 521 3556 mundato
542 3500 639 3572 aliquo
661 3500 696 3558 ad
718 3500 810 3573 ipsum
833 3499 968 3558 silvarum
989 3499 1167 3572 praelectum.
1200 3500 1270 3557 Haec
1289 3501 1356 3561 sum,

217 3617 281 3674 quse
301 3617 397 3660 eornm
419 3617 436 3658 u
457 3599 491 3659 Τ.
513 3601 548 3658 D.
571 3601 650 3676 petii.

747 3864 838 3926 231b.

296 3998 423 4057 Primum
445 3997 504 4056 dixi
526 3997 563 4057 de
579 3997 697 4057 cellario
716 3999 900 4071 Tubingeusi‚
923 3999 971 4072 qui
992 4005 1123 4072 sumptus
1144 4015 1198 4070 pro
1219 3998 1357 4070 sepultura

217 4103 383 4174 persolvere
405 4101 493 4173 nolit,
522 4119 585 4160 oum
608 4109 704 4162 tamen
724 4102 935 4162 illustrissimus
956 4104 1091 4176 princeps
1108 4105 1245 4176 jusserit,
1277 4109 1308 4160 ut
1326 4115 1356 4158 er

217 4208 349 4280 exemplo
380 4208 544 4266 litterarum
576 4209 640 4280 ejus
672 4209 851 4268 celsitudinis
882 4210 917 4267 ad
951 4218 1094 4267 rectorem
1126 4210 1294 4282 scripturum
1322 4207 1355 4262 ri·

217 4312 287 4371 dere
310 4314 387 4370 licet.

296 4416 429 4476 Secundo
449 4416 674 4475 illustrissimum
694 4417 850 4490 prinoipem
873 4423 940 4476 ante.
961 4415 1074 4489 aliquot
1094 4432 1209 4475 menses
1229 4416 1351 4474 uinrerunr
1427 4447 1428 4450 ,
