2852 5076
767 383 809 444 90
1289 377 1343 434 litt

220 547 331 623 aliquot
351 547 476 621 Brentii,
507 565 577 624 quos
607 549 741 622 petierat.
783 549 934 611 Landetnr
953 557 1038 625 paler
1057 551 1166 614 domini
1186 556 1274 615 nostri
1291 554 1346 614 1555

218 653 333 722 Christi,
355 653 404 728 qui
425 653 531 728 ubique
550 651 639 712 habet
659 670 734 712 suus.

296 758 396 818 Redeo
413 757 499 818 hodie
511 759 699 833 (loeppingaur
722 757 768 832 (51
788 759 861 833 dixi)
883 758 1043 834 degamque
1062 760 1123 820 illie
1142 762 1220 836 apud
1231 761 1347 821 eundem·

217 869 277 922 met
304 863 407 934 Fabri,
435 879 499 921 eum
527 879 584 936 quo
614 862 682 922 mibi
711 861 829 936 pulchre
861 867 1004 924 convenit.
1051 867 1136 925 Nunc
1162 883 1261 926 omnes
1285 884 1348 926 neos

217 967 331 1027 labores
351 973 516 1026 convertam
537 967 574 1026 ad
596 967 767 1042 quaerendas
788 972 818 1026 51
838 969 1007 1028 soruiaudas
1027 970 1248 1044 diligentissimo
1268 987 1349 1030 ornnes

218 1079 487 1146 veteresnovasque
504 1075 651 1132 versiones
667 1073 830 1146 bibliorum,
851 1079 884 1132 ut
897 1075 974 1148 quod
993 1077 1094 1135 melius
1114 1073 1202 1136 inerit
1222 1077 1349 1136 imitemur
1409 1097 1410 1144 i

219 1179 248 1236 in
269 1183 368 1236 nostra
388 1177 528 1237 versione.

298 1281 357 1340 Oro
378 1287 516 1341 aetornnm
536 1286 648 1356 patrem
670 1280 777 1340 domini
805 1283 895 1341 nostri
915 1282 984 1341 Jesn
1007 1282 1121 1355 Christi,
1143 1289 1175 1342 ot
1196 1284 1350 1344 celsitudini

219 1385 333 1444 Vesirae
361 1385 490 1460 quotidie
511 1392 616 1458 augeat
637 1383 721 1444 fidem
743 1392 774 1445 et
794 1386 928 1460 spiritum
948 1387 986 1446 ad
1007 1388 1131 1447 tuendas
1150 1391 1213 1462 ejus
1233 1390 1351 1448 eoelesias

220 1495 252 1548 51
277 1491 398 1563 gloriam
424 1489 468 1548 bis
498 1490 673 1550 turbulentis
703 1491 896 1566 temporibns3
928 1491 1096 1551 oommendo
1124 1509 1170 1551 me
1200 1497 1351 1552 reverenter

219 1599 306 1668 alque
326 1593 494 1654 humillime.

299 1697 392 1758 Ulmae
413 1697 460 1758 die
481 1697 593 1756 XXVII
614 1695 746 1756 ianuarii
772 1701 853 1756 1555.

509 1799 622 1858 humilis
643 1798 828 1861 celsitudinis
845 1799 958 1860 Vestrae
978 1817 1078 1862 servus

1122 1910 1289 1982 varnerius.

775 2187 819 2242 19.

520 2307 646 2391 Verger
668 2329 710 2371 an
734 2305 856 2393 herzog
879 2305 1063 2395 Christoph.

562 2438 731 2512 depiugen
754 2441 771 2497 3
793 2435 924 2498 Februnr
947 2440 1030 2504 1555.

296 2558 524 2631 Danksegungen
549 2557 598 2614 der
623 2559 787 2628 engilenhem
811 2557 991 2628 iiilohilinge,
1021 2559 1066 2614 die
1090 2559 1193 2630 herzog
1219 2557 1355 2626 Chrisioph

223 2653 394 2708 unieretiitzt
406 2653 494 2710 hatto.
520 2654 709 2711 Naohriehten
723 2655 792 2710 tiber
804 2655 849 2710 die
863 2653 993 2722 Schweie,
1013 2655 1182 2712 1581511555
1198 2655 1355 2727 geschichte.

292 2749 383 2806 Sobon
404 2751 556 2822 gedrnokt:
575 2752 612 2808 La
630 2753 697 2806 Bret
715 2751 750 2815 11,
770 2754 822 2808 213
840 2752 858 2806 f.

312 2849 507 2909 Illustrissime
539 2860 568 2910 et
588 2851 839 2912 Excellentissimos
869 2851 1007 2926 Princeps
1038 2857 1068 2908 et
1094 2850 1216 2909 Domine
1246 2850 1356 2910 Domine

223 2952 454 3013 Gratiosissimei

305 3059 475 3133 Quanquam
499 3065 569 3133 5515
590 3059 724 3119 Vestram
751 3059 958 3120 celsitudinem
987 3059 1104 3119 aliunde
1131 3059 1267 3128 scivisse,
1297 3054 1357 3132 quid

224 3168 327 3236 agatur
347 3163 376 3220 in
397 3165 502 3223 misera
519 3164 569 3224 illa
586 3164 698 3238 Anglia,
719 3164 905 3224 nihilominus
924 3163 1008 3223 mitto
1029 3165 1191 3238 exemplum
1211 3162 1358 3237 onjnspian

224 3283 296 3325 meae
317 3268 456 3341 epistolae,
477 3285 561 3342 quam
583 3269 684 3344 scripsi
704 3286 805 3344 nuper,
827 3271 1019 3343 complectens
1039 3267 1101 3328 iere
1122 3270 1228 3339 omnia,
1249 3285 1309 3343 qnae
1327 3263 1358 3324 ad

226 3387 271 3429 me
292 3371 379 3444 Angli
399 3373 499 3432 exules
519 3376 706 3448 scripserunt,
726 3375 770 3434 illi
790 3373 908 3446 seilicet,
929 3375 978 3448 qni
998 3391 1016 3432 a
1035 3373 1191 3433 elementia
1211 3381 1242 3433 et
1260 3373 1359 3449 pietate

226 3475 333 3535 Vestra
358 3475 477 3536 inerunt
503 3477 595 3537 adinti
617 3483 646 3538 et
666 3479 829 3539 sustentati.
871 3480 934 3551 Quo
955 3479 1068 3537 nomine
1089 3478 1182 3551 agunt
1201 3473 1360 3538 celsitudini

225 3579 337 3640 Vestras
357 3581 533 3642 immortales
560 3583 688 3658 gratias3
727 3601 792 3643 nam
821 3584 1050 3657 Argentinenses
1076 3583 1277 3658 dispensarunt
1302 3580 1359 3638 illos

227 3685 367 3745 ducentos
393 3685 527 3746 florenos.
567 3685 614 3746 En
641 3688 734 3761 qualis
761 3703 864 3746 revera
890 3677 1359 3746 55151115551551151115151551

228 3807 322 3850 nonne
344 3791 473 3852 dicebam
495 3791 570 3866 ego?
592 3807 686 3852 55555
706 3791 857 3866 pingebam
879 3790 960 3850 illurn
980 3783 1039 3848 5515
1059 3788 1223 3849 eoloribns'l
1244 3785 1298 3848 Sed
1310 3800 1359 3842 uon

227 3903 271 3954 est
291 3897 459 3957 abbreviata
479 3914 579 3957 manns
597 3899 722 3971 Domini,
744 3897 793 3972 qni
814 3903 845 3957 et
864 3894 1060 3956 consolabitur
1079 3893 1182 3953 fideles
1202 3891 1360 3965 Argissa

224 4015 326 4074 515555
347 4007 442 4062 sumet
463 4001 499 4062 de
520 4001 623 4077 impiis.

303 4105 406 4167 (lomes
426 4107 463 4168 de
483 4105 620 4169 Grnora'
638 4105 765 4167 debebat
785 4107 932 4180 ingentem
951 4105 1102 4178 pecuniam
1122 4099 1312 4162 Beruensibns
1330 4111 1359 4154 ao

296 4343 307 4397 1
329 4337 404 4427 d’ole,
423 4357 443 4399 5.
462 4343 504 4398 br.
523 4361 550 4398 5.
571 4342 611 4398 10.

294 4433 310 4488 2
329 4429 439 4488 Greiers
458 4429 497 4485 im
517 4429 679 4486 Suanethal.
