2852 5076
571 347 628 406 127

558 607 648 667 letti.

575 779 621 833 42.

326 907 450 995 Verger
473 930 514 972 an
537 907 656 992 herzog
680 905 866 992 Christoph.

350 1046 522 1118 Rcutlingen
546 1045 601 1102 den
624 1047 661 1100 20
682 1045 741 1102 Mai
766 1049 850 1104 lenti.

96 1165 201 1238 Verger
225 1169 316 1224 instet
339 1167 397 1222 sich
423 1185 455 1220 zu
481 1166 558 1220 einer
582 1164 653 1220 retae
678 1165 750 1220 uach
778 1164 906 1220 Preniien
930 1167 987 1220 und
1007 1166 1092 1222 Pelen
1118 1169 1173 1222 tmd

42 1263 110 1318 bittst
125 1281 177 1318 um
195 1263 386 1332 rerwendung
411 1263 459 1318 des
478 1262 594 1331 herzogs
612 1261 656 1314 ittr
681 1261 774 1318 seiuen
800 1262 829 1314 in
848 1261 977 1331 Venedig
996 1262 1172 1332 gefnngeuen

41 1359 116 1420 neiien
133 1360 276 1416 Aurelius,

97 1454 188 1508 Schou
208 1454 347 1524 gedruokt
365 1453 411 1508 hei
430 1452 531 1508 hebret
551 1452 597 1515 ΙΙΙ,
617 1454 667 1505 548
688 1453 705 1504 t'.

106 1552 304 1610 illustrissime
326 1551 464 1624 Princeps
486 1557 515 1606 et
537 1551 658 1608 Domine
679 1551 801 1608 Domine
825 1552 1051 1610 (iratiosissimei

105 1657 199 1726 Quum
222 1655 338 1728 eSpira
353 1655 511 1726 Tubingam
534 1653 681 1712 rediissem
703 1655 894 1728 vidissemque
916 1657 1111 1730 pestilentiam
1132 1659 1175 1716 in·

40 1759 156 1832 caluisse,
180 1760 304 1818 subduxi
326 1777 370 1816 me
393 1775 408 1816 e
429 1761 558 1832 periculo
579 1759 783 1830 ltcuthiingsm
805 1761 932 1834 veniens,
955 1779 1056 1834 netnpc
1078 1770 1110 1824 ut
1130 1780 1175 1822 me

42 1879 206 1924 reservarem
228 1865 265 1922 ad
287 1881 375 1924 novos
396 1865 527 1935 labores,
555 1866 592 1924 ad
615 1881 685 1936 quos
706 1866 799 1922 sentio
821 1883 865 1922 mc
887 1883 904 1924 a
925 1867 1048 1926 Domino
1069 1870 1174 1926 vocari.

39 1970 198 2030 thoantem
220 1971 329 2029 tamdiu
350 1970 518 2042 subsistam,
546 1971 610 2028 dum
633 1972 735 2040 sciero,
765 1971 952 2054 secretarium
974 1973 1121 2034 Prussiae¹
1147 1975 1174 2030 in

40 2073 160 2134 ducatum
185 2075 321 2146 rediisse,
344 2091 409 2132 nam
430 2076 591 2146 Angustam
613 2077 714 2132 iverat.
757 2077 873 2134 Interea
898 2093 954 2133 non
976 2094 1036 2134 snm
1058 2079 1175 2146 otiosus,

39 2181 80 2236 sed
97 2197 168 2251 paro
190 2179 321 2252 quaedam
344 2182 464 2254 scripta,
493 2197 556 2252 qum
577 2179 646 2236 mihi
668 2179 802 2237 ridentur
823 2180 906 2236 utilia
926 2179 1024 2239 futura
1045 2181 1174 2240 Potoniac

39 2301 123 2356 regno.

105 2392 139 2447 D.
162 2391 309 2462 Gasparus
329 2407 346 2446 a
367 2387 540 2446 Nidhructt²
567 2388 667 2446 scribit
693 2389 729 2447 ad
757 2407 819 2458 me,
850 2407 947 2462 regem
968 2390 1115 2448 Bohemiae
1143 2390 1176 2448 li·

39 2493 127 2552 tenter
147 2496 246 2567 legere
268 2511 332 2552 mea
347 2495 459 2568 ,scripta
480 2501 632 2568 urgetque,
655 2501 687 2552 nt
707 2511 784 2568 saepe
805 2495 929 2563 mittam,
951 2495 1040 2552 inulta
1060 2496 1174 2553 interim

40 2600 185 2668 predicans
207 2600 242 2657 de
265 2605 412 2658 crescente
433 2598 588 2660 itlius'fide
610 2605 639 2656 et
661 2600 785 2670 pietate,
807 2617 896 2671 auare
918 2601 979 2657 misi
1001 2617 1076 2657 nunc
1096 2606 1174 2658 cata-

40 2703 147 2774 logum³
167 2722 231 2762 curn
252 2704 500 2774 sitnotationibus,
530 2710 562 2760 ut
584 2703 680 2762 rideat
701 2705 847 2778 ingentem
875 2719 1023 2761 numerum
1051 2705 1173 2762 miiitum

42 2808 101 2867 tesn
122 2809 238 2877 Christi,
261 2815 320 2866 tum
341 2811 413 2866 aiios
434 2825 548 2880 quoque
569 2807 656 2866 libros
678 2810 750 2866 misi.

111 2915 306 2974 illustrissimo
320 2913 472 2986 Princeps!
501 2914 577 2970 Ante
591 2931 684 2972 meum
701 2913 855 2972 discessum
872 2914 929 2970 duo
943 2912 1027 2988 cupio
1041 2929 1059 2970 a
1073 2914 1176 2972 Vestra

41 3019 345 3087 pietateachementia
365 3018 531 3090 impetrare,
553 3018 675 3077 alterum
698 3024 750 3090 est,
771 3023 803 3076 ut
825 3017 900 3090 quod
922 3017 1013 3090 Spirae
1035 3017 1125 3092 petivi
1146 3022 1177 3074 et

42 3122 175 3182 Celsitndo
195 3125 302 3182 Vestra
322 3125 382 3180 risa
403 3129 447 3180 est
467 3123 623 3180 clementer
644 3138 786 3194 enituere,
805 3121 908 3192 jubeat
929 3121 997 3181 mihi
1020 3120 1081 3179 dari
1104 3121 1175 3180 duos

16 3219 185 3308 ¹'mediocres
207 3244 313 3300 equae,
341 3240 412 3299 quos
433 3243 517 3299 spero
544 3244 588 3284 me
616 3227 802 3284 reducturum
825 3226 861 3300 (si
883 3227 1022 3286 Dominus
1043 3227 1176 3296 voluerit,

43 3339 69 3386 nt.
87 3335 186 3404 possim
208 3350 262 3404 ego
283 3333 377 3389 salvus
393 3331 498 3400 redire,
520 3338 551 3388 nt
565 3332 674 3408 spero).
702 3332 834 3392 Alterum
852 3339 895 3390 est
911 3331 979 3388 mihi
992 3331 1178 3390 vehementer

43 3435 125 3508 cordi,
151 3437 227 3512 quod
249 3443 294 3494 est
315 3436 489 3517 hujusmodi.
531 3435 658 3493 Veneti⁴
683 3435 881 3494 crudelissime
909 3435 1031 3492 saeviunt
1059 3437 1087 3493 in
1116 3441 1178 3493 toto

45 3555 129 3598 corum
150 3543 277 3601 donninio
297 3559 331 3599 sc
351 3543 512 3615 praesertim
534 3543 563 3598 in
584 3559 648 3598 mea
667 3542 764 3615 assiria
784 3545 885 3598 contra
904 3539 1082 3616 evangelium
1104 3555 1178 3612 prae-

45 3643 117 3714 ripae
136 3653 235 3704 eontra
255 3663 334 3703 meos
357 3653 503 3719 cognatos⁷
526 3661 646 3718 quorum
669 3661 718 3700 sex
739 3645 831 3702 coacti
852 3649 933 3711 sunt,
962 3661 1019 3700 uno
1041 3643 1087 3702 die
1109 3645 1178 3702 'rer-

597 3768 611 3799 >a

111 3865 191 3926 tDer
209 3864 336 3918 sekretiir
353 3863 419 3918 hiett
439 3863 607 3926 Timotheus,
627 3881 648 3924 s,
668 3861 707 3915 br.
727 3879 754 3914 n.
773 3862 816 3916 45.

109 3952 122 4002 2
139 3951 240 4022 Uesper
260 3972 285 4007 v.
299 3953 446 4036 Nidbsuck
464 3951 504 4006 dr.
520 3953 583 4022 jur,
605 3949 794 4004 Maximitisuu
808 3947 835 4002 ΙΙ
854 3951 1011 4004 vertrauter
1030 3947 1102 4021 rath,
1122 3937 1181 4002 viel*

49 4041 195 4096 vernentes
213 4059 246 4094 zu
266 4039 502 4112 diplomatischen
522 4038 762 4108 verhandhmgen,
781 4055 801 4090 s.
820 4037 923 4092 Lebret
941 4037 987 4101 tx,
1010 4039 1031 4091 1.

111 4128 124 4180 3
150 4129 203 4184 Der
229 4129 306 4184 titel:
352 4128 503 4196 Catalogus
528 4127 722 4182 haeraticorum
751 4125 786 4179 de
810 4123 1002 4179 commissione
1027 4123 1178 4178 tribunalis

50 4213 212 4288 sanctissimae
229 4215 433 4285 inquisitionis;
453 4233 514 4270 eum
527 4211 757 4268 annotationibus
770 4211 926 4266 Athanasii.
955 4211 1031 4264 1556.
1050 4228 1070 4263 s.
1084 4210 1178 4278 Serap.

52 4314 70 4346 s.
89 4299 124 4354 85.
141 4320 164 4356 n.
182 4307 221 4359 73.

116 4375 213 4444 tiber
231 4393 274 4446 die
294 4391 478 4447 verhtiltuisse
502 4393 551 4445 der
576 4390 772 4460 protestanten
791 4389 820 4442 in
839 4385 969 4455 Venedig
989 4403 1008 4439 s.
1028 4403 1054 4438 n.
1077 4386 1117 4438 tr.
1137 4384 1178 4435 ott.
