2830 5072
743 345 806 405 338
1280 342 1337 396 rtet

201 533 301 592 sparsa
328 518 511 586 eleemosyna
540 515 728 572 ducentorum
744 514 769 581 ¹,
802 514 850 585 qui
879 513 988 585 gratias
1016 529 1141 570 summas
1168 521 1258 586 agunt
1278 515 1335 585 Dee,

202 620 408 694 celebrantque
420 620 553 678 Vestram
566 617 773 676 celsitudinem
785 622 925 689 orantque
941 633 1005 676 eum
1020 618 1078 674 suis
1089 619 1219 676 ecelesiis
1230 635 1281 690 pro
1291 619 1336 677 illa.

115 707 117 714 ¹
280 725 335 784 Sed
358 731 390 782 ut
409 724 446 782 ad
467 739 527 780 rem
545 723 666 792 veniam,
689 738 753 778 cum
767 720 986 793 diligentissime
1003 727 1148 779 scrutatus
1161 719 1286 793 fuissem,
1305 725 1337 780 in·

202 831 266 888 veni
287 845 335 887 res
355 828 490 899 Gallicus,
519 827 573 886 hoe
594 833 648 898 est,
671 825 826 897 negotium,
854 825 932 897 qnod
951 825 988 882 ad
1009 823 1128 884 Rhaetes
1148 828 1300 898 pertineat,
1315 828 1337 884 iu

204 949 239 992 eo
259 949 377 1008 prorsus
398 949 462 992 esse
483 938 576 1002 statu,
604 935 633 989 in
656 948 712 1004 quo
734 932 793 988 dixi
815 932 882 988 hinc
902 930 1017 990 rediens
1037 936 1106 988 ante
1128 937 1146 988 4
1166 949 1293 999 menses,
1316 942 1338 990 et

201 1039 340 1110 scriptum
360 1039 453 1096 dimisi
475 1037 551 1110 apud
573 1037 797 1100 Illustrissimam
819 1035 1025 1094 Celsitudinem
1046 1036 1181 1094 Vestram
1203 1043 1232 1094 et
1252 1037 1301 1095 illa
1317 1039 1339 1094 in

202 1142 327 1200 Galliam
347 1141 440 1212 misit,
471 1157 575 1214 nempe
602 1141 690 1200 fuisse
719 1139 827 1200 fectum
853 1139 948 1200 foedus
969 1157 1032 1200 cum
1054 1139 1192 1198 Heius-ico
1214 1141 1240 1197 ll
1260 1139 1337 1198 felicis

201 1245 419 1315 recordationis,
442 1250 472 1302 et
491 1260 544 1317 per
566 1246 582 1300 5
603 1259 694 1302 annos
715 1245 792 1300 ultra
813 1245 877 1316 ejus
893 1244 988 1312 vitam,
1009 1245 1187 1316 praeteriisse
1203 1251 1297 1304 autem
1310 1245 1337 1303 ab

201 1348 265 1418 ejus
285 1353 377 1418 morte
398 1361 488 1404 anuos
508 1349 525 1402 2
548 1363 611 1404 cum
635 1345 688 1416 ¹la,
711 1362 862 1416 superesse
890 1352 987 1404 autem
1014 1348 1109 1406 adhuc
1138 1349 1266 1418 totidem,
1295 1367 1338 1422 que

201 1457 356 1524 pretereat
377 1456 489 1523 tempus
509 1447 637 1506 foederis.
678 1449 735 1506 Res
756 1449 796 1506 sic
818 1464 849 1506 se
870 1447 959 1506 habet
978 1465 1111 1522 prorsus,
1133 1453 1182 1510 isti
1202 1454 1338 1525 primores,

203 1571 266 1612 oum
287 1553 389 1627 quibus
410 1554 539 1626 quotidie
561 1569 668 1624 versor,
690 1555 732 1611 ita
752 1551 926 1610 affi1·mant⁰.
1007 1577 1013 1588 ,

281 1657 351 1717 Cum
371 1660 468 1732 itaque
490 1658 545 1716 huc
565 1659 716 1729 venissem,
738 1657 904 1730 magnificus
928 1658 1058 1716 domiuus
1074 1659 1226 1718 Mattheus
1243 1659 1339 1732 Cogne-

202 1761 290 1830 tius⁹,
311 1763 469 1822 Galliarum
489 1765 566 1834 regis
587 1767 694 1834 orator,
717 1762 859 1820 Soloduro
881 1762 1019 1836 Tigurum
1040 1771 1160 1823 venerat
1186 1767 1338 1837 scripserat-

201 1884 266 1940 que,
287 1885 318 1926 se
338 1874 420 1926 recta
441 1868 497 1924 huc
517 1875 679 1935 venturum,
702 1867 769 1940 quin
792 1873 821 1924 et
842 1868 910 1924 milri
932 1869 986 1939 ipsi
1007 1868 1164 1941 scripserat
1184 1877 1214 1928 et
1230 1869 1338 1940 dicebat,

200 1987 231 2029 se
252 1972 352 2043 laetari,
375 1972 451 2044 quod
468 1973 528 2043 jum
549 1972 604 2029 lmc
621 1972 769 2042 venissem,
792 1973 833 2030 ita
849 1980 881 2030 ut
897 1987 1053 2044 sperarem,
1075 1989 1151 2030 nnnc
1172 1975 1338 2032 tractandam

200 2092 263 2137 esee
284 2093 398 2135 eausam
420 2075 456 2134 de
477 2074 597 2136 foedere.
630 2075 687 2134 Sed
700 2075 810 2140 nullum
825 2076 875 2159 ill-e
897 2076 998 2134 habuit
1019 2077 1055 2134 de
1075 2093 1110 2134 ea
1130 2095 1163 2136 re
1176 2077 1338 2147 mandatum,

200 2195 290 2254 quare
311 2197 373 2238 cum
394 2181 531 2252 'ligurum
554 2181 688 2252 venisset,
709 2188 773 2252 post
786 2197 895 2243 coenam
913 2182 1026 2240 Domini
1036 2182 1075 2239 ibi
1089 2181 1183 2254 palam
1201 2191 1338 2256 sumptam,

200 2285 381 2358 campaneis
402 2284 503 2344 diebus
524 2287 708 2356 constitisset,
731 2284 903 2344 Solodurum
925 2293 1133 2370 est1·euersus.

227 2461 234 2477 .
279 2389 395 2447 Interea
415 2389 535 2459 affirmo,
549 2393 689 2462 primores
700 2393 863 2463 praesertim
879 2393 1010 2449 dominos
1027 2393 1168 2459 consules,
1184 2393 1233 2465 qui
1247 2392 1338 2450 nudius

201 2494 304 2552 tertius
325 2511 369 2552 me
392 2501 530 2554 venerant
552 2497 711 2566 visitatum,
734 2501 763 2552 et
784 2497 831 2567 qui
854 2495 917 2552 lteri
938 2498 1053 2568 vesperi
1074 2503 1140 2554 suut
1161 2513 1270 2554 meeum
1289 2513 1336 2554 ete

200 2601 270 2670 nati,
285 2599 404 2656 dextere
417 2607 644 2673 conqueruntur3
667 2606 807 2672 cuperent
824 2599 898 2658 enim
915 2585 1009 2658 fredus
1022 2601 1260 2674 redintegratum,
1274 2599 1338 2672 qood

201 2705 307 2786 dicunt,
328 2720 359 2762 se
380 2705 509 2777 quotidie
530 2706 650 2764 obtundi
672 2705 787 2762 aliunde
810 2713 840 2764 et
861 2721 966 2777 cupere
987 2707 1036 2763 uui
1057 2707 1119 2778 regi
1141 2706 1295 2765 Galliarum
1314 2711 1338 2762 et

200 2808 402 2866 illustrissimis
418 2809 580 2868 Germaniae
593 2810 770 2882 principibus
792 2809 861 2868 dare
882 2811 1034 2868 transitum
1056 2827 1119 2868 cum
1142 2827 1194 2872 sua
1215 2811 1335 2876 amicitia,

201 2913 251 2970 sed
275 2913 384 2972 nollent
404 2931 464 2970 rem
487 2914 595 2972 diutius
617 2913 736 2972 differri.

278 3015 326 3074 Sic
347 3034 394 3076 res
416 3025 468 3090 est,
490 3035 544 3092 ego
557 3035 620 3077 cras
642 3035 724 3078 mane
745 3036 838 3077 meum
860 3025 995 3094 nepotem
1007 3020 1044 3078 ad
1061 3020 1184 3085 eundem
1200 3019 1227 3078 d.
1241 3018 1336 3090 Cogne·

201 3124 272 3180 tium
293 3122 392 3192 mitto,
423 3129 453 3179 et
478 3139 540 3194 quae
569 3122 616 3180 hic
636 3125 723 3182 audio
745 3125 780 3182 de
802 3125 1028 3204 redintegrando
1054 3123 1164 3184 foedere
1197 3125 1338 3197 diligentes·

200 3225 303 3294 scribo,
325 3236 357 3284 ut
377 3227 449 3284 sciat
470 3231 574 3296 omnia,
596 3245 760 3302 urgeoque,
783 3236 814 3288 ut
835 3247 886 3288 sua
906 3232 1064 3289 autoritate
1086 3236 1185 3300 curet,
1215 3233 1337 3302 quantum

200 3332 229 3386 iu
241 3330 336 3388 Gallia
347 3336 452 3402 potest,
474 3339 506 3390 ut
520 3333 556 3392 de
570 3332 681 3392 tedere
694 3335 919 3406 redintegrando
940 3340 1053 3408 agatur,
1074 3334 1116 3392 sic
1131 3336 1207 3392 enim
1223 3333 1338 3393 dominos

201 3434 319 3492 Rhaetos
340 3451 453 3506 cupere.

280 3539 341 3612 Ego
363 3539 408 3596 hic
427 3540 539 3612 priuato
561 3547 627 3600 utor
648 3545 775 3610 nomine,
798 3543 874 3616 quod
896 3559 994 3602 omnies
1016 3542 1122 3611 uident,
1145 3543 1198 3600 sed
1219 3557 1287 3614 saepe
1307 3553 1337 3594 ex

200 3659 245 3700 me
266 3659 368 3701 moneo
389 3647 421 3700 ut
441 3642 532 3701 bonus
553 3647 660 3703 amicus
677 3651 707 3703 et
727 3648 859 3718 servitor,
883 3654 915 3706 ut
936 3652 1125 3720 permaneant
1146 3648 1175 3704 in
1198 3662 1243 3718 ea,
1262 3657 1336 3715 quam

200 3747 320 3819 polliciti
342 3752 422 3813 sunt,
453 3749 615 3806 *constantia
636 3756 723 3822 atque
743 3747 820 3816 fide,
853 3766 946 3822 neque
975 3751 1062 3808 alteri
1088 3753 1216 3823 cogitent
1235 3760 1335 3820 pessum

201 3851 369 3922 concedere,
391 3869 476 3924 quam
498 3852 602 3926 quibus
624 3853 771 3926 dixerunt,
793 3853 953 3912 Galliarum
974 3855 1083 3912 scilieet
1104 3857 1167 3928 regi
1190 3861 1219 3912 et
1238 3851 1336 3908 Vestris

200 3955 403 4012 Illustrissimis
424 3957 692 4026 Demiuationibus,
727 3959 803 4031 quod
824 3959 939 4032 quidem
961 3960 1096 4018 videntur
1117 3961 1192 4018 uelle
1218 3951 1334 4016 faceret

196 4051 251 4116 'sed
271 4057 396 4127 affirmo,
426 4062 501 4132 quod
524 4061 579 4119 uisi
600 4063 733 4144 viderint,
764 4082 824 4122 rem
847 4066 936 4136 magis
958 4066 1034 4122 senio
1056 4070 1085 4122 et
1106 4063 1265 4136 diligentius
1282 4056 1333 4128 attis

274 4296 286 4346 1
306 4294 332 4346 S.
355 4311 381 4346 n.
403 4294 462 4347 138.

270 4380 332 4434 28.
354 4399 380 4434 n.
402 4381 459 4434 122.
