2862 5080
1316 374 1363 426 itur

322 535 403 606 Mihi,
427 535 641 610 qualiscumque
662 536 727 606 sim,
753 537 875 594 maxime
896 537 925 594 id
947 539 1076 610 placeret
1097 542 1133 600 ob
1154 545 1258 604 multas
1278 563 1364 619 causas,

244 659 314 716 quas
335 657 391 700 non
413 647 457 700 est
478 655 550 714 opus
571 640 617 698 lule
639 655 801 700 recensere.

321 745 391 804 Cum
412 743 567 818 praedictus
588 745 615 802 d.
638 744 795 820 Cognatius
816 745 929 817 legatus
951 749 1099 822 scripserit
1119 749 1168 826 (ut
1182 751 1265 829 dixi),
1284 771 1310 811 se
1328 755 1367 814 buc

242 857 393 908 venturum
414 847 451 906 ad
471 845 576 906 festum
598 847 746 920 Jonannis,
769 850 899 922 quamuis
919 851 1062 910 incertum
1084 854 1130 926 sit,
1154 872 1189 912 an
1204 859 1243 914 sit
1255 865 1367 916 venturus

241 961 360 1028 propter
380 970 442 1012 cum
463 969 588 1021 cansam,
610 969 693 1025 quarn
715 953 784 1023 dixi,
806 961 902 1011 tamen
925 971 981 1012 uon
1002 972 1116 1026 parcam
1139 959 1198 1016 ullo
1213 961 1367 1020 incommodo

124 1125 130 1139 Ι
242 1065 271 1116 et
292 1058 443 1117 subsistam
464 1057 510 1114 liic
529 1071 619 1128 usque
641 1055 678 1114 ad
698 1056 770 1115 illud
790 1063 914 1131 tempus.

319 1164 435 1220 Interea
456 1177 523 1219 vero
544 1159 595 1219 fiat
615 1161 786 1220 deliberatio
808 1163 844 1220 ab
864 1163 1066 1222 illustrissimis
1093 1168 1288 1241 principibus,
1315 1173 1366 1244 quid

242 1268 384 1340 agendum
406 1266 502 1338 luerit,
524 1283 578 1338 ego
599 1273 769 1325 reverenter
789 1283 907 1340 moneo,
930 1276 962 1327 ut
983 1269 1108 1342 aliquem
1130 1249 1299 1342 prudentem
1315 1293 1364 1334 eori-

242 1373 380 1430 siliarium
402 1372 457 1428 huc
477 1365 606 1443 mittent,
628 1387 713 1443 quem
735 1387 789 1446 ego
810 1389 862 1445 pru
885 1389 948 1431 urea
963 1375 1112 1456 ¹tenuitate
1130 1377 1256 1448 juvabo,
1281 1382 1301 1435 si
1319 1379 1367 1436 Sua

241 1478 444 1535 Illustrissimae
460 1475 652 1534 Celsitudines
673 1474 782 1547 aliquid
802 1477 831 1532 in
854 1493 889 1534 ea
909 1493 941 1534 re
962 1483 1077 1536 tentare
1098 1481 1252 1540 voluerint.

320 1598 425 1656 Datum
448 1596 543 1654 Ouriae
564 1596 730 1654 Rboetornm
752 1599 789 1654 20
810 1597 881 1657 Maii
906 1601 989 1658 1562.

470 1709 674 1770 Illustrissimae
696 1711 883 1773 Oelsitudinis
905 1715 1016 1773 Vestrae
1036 1719 1168 1776 servitor.

785 1977 849 2034 156.

544 2105 669 2194 Verger
692 2129 734 2172 an
758 2107 878 2194 herzog
901 2108 1086 2196 Christoph.

613 2237 763 2309 'l'tlbiugeu
787 2240 821 2294 16
842 2238 910 2295 Juui
937 2241 1018 2296 15e2.

309 2359 416 2412 Meldet
434 2357 509 2412 seiue
528 2356 689 2426 gliickliohe
710 2357 831 2410 ankunfb
849 2357 879 2410 in
898 2357 1063 2427 'Fiibingem
1089 2359 1182 2413 daulrt
1199 2361 1246 2414 fiir
1264 2362 1310 2414 das
1327 2361 1370 2414 ihm

239 2455 436 2524 zugesohickbe
455 2455 521 2524 gold
540 2455 598 2507 nud
618 2453 777 2524 verspricbt
793 2453 862 2510 bald
883 2453 1061 2508 nududlichen
1086 2455 1198 2509 bericht
1223 2459 1291 2512 iiber
1313 2457 1372 2510 seim

239 2551 309 2606 reise
328 2551 385 2604 und
403 2549 478 2604 aeine
499 2549 692 2604 wirksamlxeib
711 2569 744 2604 zn
763 2551 911 2604 erebatieu.

320 2667 514 2725 illustrissime
535 2666 672 2737 Princeps
694 2672 724 2724 et
745 2667 867 2724 Domine
889 2666 1010 2725 Domine
1032 2667 1277 2726 Clementissimel

317 2771 379 2830 Hac
401 2780 484 2830 nocte
505 2771 683 2844 Tubiugam¹
703 2771 821 2842 perveni
842 2771 908 2846 (per
928 2772 983 2830 Dei
1004 2771 1148 2849 gratiam),
1171 2775 1252 2832 salva
1272 2773 1371 2846 quidem

238 2885 304 2936 snut
325 2877 473 2950 religionis
494 2881 524 2934 et
543 2876 658 2948 publica
679 2877 810 2948 negotia,
833 2877 884 2934 sed
905 2877 1015 2936 nullum
1036 2879 1280 2936 incommodorum
1299 2892 1373 2950 genus

239 2989 298 3054 est,
327 2982 404 3056 quod
424 2981 496 3039 alias
518 2997 573 3040 non
594 2979 698 3040 fuerim
718 2998 819 3054 passus
840 2983 869 3039 in
891 2983 1008 3054 propria
1029 2983 1103 3054 vita,
1129 2981 1158 3040 in
1186 2985 1258 3041 meis
1279 2981 1372 3040 comiti·

238 3087 292 3145 bns
311 3092 398 3160 atque
418 3086 448 3144 iu
470 3085 565 3158 bonis3
587 3087 628 3144 sio
648 3085 724 3146 enim
745 3089 876 3160 permisit
891 3088 1030 3146 Dominus
1046 3087 1091 3161 (ut
1111 3102 1165 3160 ego
1186 3084 1371 3160 interpretor),

239 3191 315 3264 qnod
336 3192 409 3249 bano
429 3197 602 3263 potestatem
622 3208 668 3250 me
689 3190 838 3266 affligendi
856 3193 1021 3266 permiserit
1041 3197 1165 3264 satauae3
1199 3209 1264 3250 uam
1290 3193 1313 3248 is
1338 3205 1373 3246 mu

239 3298 331 3356 voluit
350 3304 472 3368 terrere,
494 3298 562 3370 qnia
584 3297 655 3356 vidit
676 3316 721 3356 me
743 3299 959 3356 courcionantem
975 3296 1089 3356 sortiter
1105 3297 1170 3371 (per
1182 3297 1236 3354 Dei
1251 3291 1374 3368 gratiam)

238 3419 295 3461 non
317 3401 378 3459 siue
398 3401 493 3475 aliquo
514 3399 624 3465 fructu.
647 3400 721 3458 lianc
741 3399 830 3472 igitur
850 3401 887 3460 ob
908 3416 1023 3459 causam
1043 3397 1193 3470 affligebat
1213 3415 1274 3470 me,
1295 3403 1325 3455 ut
1343 3397 1375 3450 in·

238 3504 323 3563 terim
344 3520 361 3560 a
381 3502 593 3576 praedicationis
612 3519 731 3562 munere
754 3501 900 3568 desistam,
923 3502 974 3560 sed
995 3501 1066 3560 nihil
1087 3502 1133 3580 (ut
1153 3503 1252 3578 spero)
1274 3500 1375 3566 efficiet,

238 3607 330 3666 dicum
352 3609 426 3665 enim
449 3623 552 3679 coram,
574 3607 650 3680 qnod
671 3607 740 3664 mihi
761 3606 901 3665 Dominus
922 3607 1072 3666 consilinm
1091 3606 1251 3666 immiserit.

316 3713 408 3770 Paulo
428 3719 493 3784 post
512 3729 606 3772 meum
627 3713 752 3770 reditum
776 3729 842 3771 ecce
863 3712 981 3771 advenit
1002 3711 1206 3770 illustrissimae
1231 3706 1373 3770 ‘Celsitndi-

238 3819 282 3874 nis
303 3817 413 3874 Vestrae
433 3820 566 3887 nuntiuS,
595 3819 644 3892 qui
666 3835 710 3875 me
733 3817 850 3876 Curiam
872 3834 961 3890 nsque
983 3816 1172 3890 sequebatur.
1206 3823 1237 3874 ut
1259 3817 1312 3871 100
1331 3810 1372 3867 flu·

182 4003 185 4007 Ι
237 3939 323 3980 renos
344 3928 483 3995 portaret,
505 3940 577 3994 qtuos
597 3923 645 3980 hic
666 3923 775 3993 accepi.
820 3921 935 3980 Gratias
965 3939 1018 3994 ago
1046 3927 1157 3979 aeterno
1178 3923 1253 3994 patri
1279 3912 1370 3976 domini

805 4060 820 4092 ’l‘

309 4177 322 4230 1
342 4175 449 4244 Verger
467 4173 601 4230 besuclute
621 4172 768 4243 Bullinger
786 4172 851 4227 luni
873 4174 940 4227 1563
960 4171 989 4225 in
1008 4168 1124 4234 Ziirich,
1151 4187 1205 4224 von
1222 4169 1282 4224 dori
1299 4162 1367 4218 reste

237 4282 267 4319 er
293 4263 365 4318 noch
383 4261 488 4316 einmal
507 4261 550 4314 ius
571 4261 679 4317 Veltliu
699 4261 757 4315 und
785 4261 860 4316 blieb
880 4261 944 4315 dori
962 4262 978 4312 l
998 4259 1125 4322 wesheim
1151 4276 1170 4312 s.
1191 4257 1228 4312 br.
1248 4255 1300 4309 182.
1321 4249 1366 4302 184·

238 4353 296 4407 185.
334 4350 487 4404 December
515 4351 582 4404 1563
609 4349 675 4404 iram
703 4367 733 4403 er
763 4350 834 4403 noch
860 4347 964 4403 einuml
996 4347 1069 4402 uach
1086 4345 1203 4398 “lurion
1236 4343 1324 4408 Meyer
1340 4331 1365 4392 Hi

238 4441 288 4492 251
308 4439 337 4491 r'l'.
