2852 5076
66 359 128 414 1558
600 365 656 424 159

62 534 208 592 sardorum
230 539 317 605 atque
338 531 405 590 ideo
421 530 604 590 Basileenses
626 530 817 603 dissimulent,
839 549 891 590 nec
913 531 1067 590 uoluerunt
1090 529 1206 604 quidem

61 637 267 709 reprehendere
280 635 411 706 Coelium,
426 636 479 708 ipsi
490 634 625 693 uiderint.
655 634 830 692 Commendo
846 650 890 692 me
906 641 1076 692 reverenter
1088 633 1201 694 Vestrte

61 739 257 797 illustrissimus
279 737 464 806 Celsitudini,
499 737 542 794 cui
566 737 654 794 Peter
679 737 806 794 crslcstis
827 745 931 810 eugeni
954 754 1020 795 snos
1041 737 1202 806 thesauros,

61 844 182 913 spiritum
205 845 316 902 scilicet
337 851 365 899 et
386 841 482 900 iidern.

131 948 270 1021 Tuhingae
296 953 307 1004 l
331 949 463 1006 Jarrrmrli
487 947 574 1005 lotis.

961 1051 1124 1123 Vergerius.

606 1331 653 1386 58.

357 1457 480 1546 Verger
504 1481 545 1524 en
570 1461 689 1544 herzog
713 1458 898 1546 Christoph.

427 1590 512 1648 Wien
537 1593 571 1646 19
593 1590 724 1648 Februer
747 1593 831 1648 1558.

122 1710 319 1766 Nsehrichten
344 1709 413 1763 iiber
437 1709 532 1765 seiuen
557 1709 717 1766 suienthalt
735 1711 765 1765 in
784 1709 866 1766 Wien
887 1710 943 1764 und
963 1709 1016 1766 den
1037 1709 1201 1780 gesundten,

62 1805 178 1860 welchen
197 1803 376 1860 Maximillae
395 1823 427 1858 nu
447 1805 549 1876 herzog
568 1805 718 1875 christoph
736 1805 855 1860 sehiokt.

130 1903 327 1961 illustrissime
349 1903 488 1976 Princeps
511 1911 540 1961 et
561 1904 683 1962 Domine
705 1905 827 1962 Domine
849 1903 1093 1962 Clementissime!

131 2006 372 2080 Quandoquidem
398 2023 483 2078 spero
511 2023 556 2066 nne
577 2007 744 2080 propediem
765 2008 800 2066 ed
824 2007 955 2066 l'estrom
977 2006 1202 2065 illustrissimum

61 2110 261 2169 Celsitudinem
283 2112 452 2180 rediturum,
475 2129 530 2170 non
553 2119 596 2170 est
612 2129 692 2184 opus,
714 2119 747 2170 ut
762 2112 882 2184 prolixis
897 2112 1004 2169 litteris
1020 2127 1111 2182 ogoni.
1145 2109 1202 2168 Sed

60 2232 167 2275 reservo
188 2233 245 2288 me,
268 2222 301 2274 ut
321 2233 415 2274 coram
439 2234 593 2290 exponam,
616 2235 681 2290 quse
703 2234 773 2290 opus
795 2214 911 2274 luerint.
954 2213 1048 2272 Credo
1070 2231 1114 2272 me
1136 2213 1202 2273 hinc

61 2321 241 2380 discessurum
263 2321 339 2378 intra
360 2327 425 2380 octo
446 2321 517 2380 dies.
561 2323 632 2382 Nom
654 2321 853 2388 errimudrerti
876 2320 1086 2378 serenissimum
1108 2319 1202 2378 Bohe-

54 2407 160 2482 hnomm
181 2441 280 2496 regem
303 2441 359 2482 non
381 2441 442 2482 esse
466 2443 541 2482 rrurre
562 2427 625 2498 ejus
646 2426 827 2496 intentionis,
855 2430 887 2482 ut
907 2443 952 2482 me
976 2425 1045 2483 velit
1066 2426 1094 2481 in
1116 2423 1201 2482 Polo-

62 2531 126 2586 niom
150 2532 289 2600 mittero,
321 2547 410 2602 quare
437 2538 469 2589 ut
500 2531 574 2599 dixi,
601 2531 762 2602 Tuhingam
789 2530 899 2588 redibo.
941 2535 1043 2604 ilperoe
1075 2533 1198 2601 pretium

62 2639 129 2706 puto,
150 2640 183 2690 ut
195 2634 301 2692 Vestra
316 2633 464 2693 Celsitudo
480 2653 497 2694 a
513 2653 557 2692 me
573 2635 726 2707 intelligat,
748 2635 879 2708 quisnam
899 2638 937 2692 sit
958 2638 1022 2704 isle
1044 2635 1091 2707 qui
1114 2635 1200 2707 hujus

65 2739 229 2796 serenissimi
251 2741 327 2812 regis
350 2740 496 2812 legatione
525 2739 662 2813 iungitur.
704 2740 815 2799 Nobilis
844 2749 888 2798 est
910 2739 1042 2807 Silesite‚
1074 2741 1122 2812 qui
1151 2740 1200 2796 diu

66 2841 136 2902 honis
157 2844 266 2902 litteris
287 2843 369 2902 dedit
390 2860 505 2916 operam
527 2844 753 2916 Vittemhergee,
783 2843 943 2915 presertim
963 2845 1022 2916 jun'
1043 2843 1138 2910 cirili,
1171 2845 1199 2900 in

63 2964 109 3018 quo
129 2949 213 3006 uelde
235 2948 376 3022 proiecit,
407 2955 438 3007 ut
467 2952 543 3008 inter
568 2951 657 3008 bonos
685 2949 818 3008 doctores
843 2949 924 3024 (licet
945 2964 1001 3006 non
1022 2949 1060 3006 sit
1082 2947 1196 3022 doctor)

63 3055 251 3112 corrnumernri
279 3055 379 3126 possit.
420 3053 624 3113 Serenissimns
652 3072 704 3113 rex
731 3072 823 3128 nuper
850 3055 949 3114 ascivit
978 3071 1043 3112 eum
1072 3054 1101 3110 in
1128 3069 1195 3110 con·

63 3156 190 3216 siherium
221 3167 251 3216 et
281 3159 364 3218 valde
393 3177 487 3218 cerum
519 3161 615 3220 hahet.
667 3161 773 3234 Magna
805 3168 849 3218 est
879 3158 987 3232 ingenii
1019 3158 1195 3216 dexteritate

63 3277 211 3335 rnegnequo
233 3264 401 3336 prudentia,
428 3263 479 3320 sed
505 3263 643 3335 imprimis
665 3263 802 3334 singulari
823 3262 933 3335 pietate
955 3268 1042 3334 utque
1063 3263 1197 3319 innocen·

64 3367 98 3422 tio
116 3369 189 3425 vitae.
229 3369 329 3426 Talem
350 3367 481 3442 proiecto
502 3369 568 3424 novi
590 3369 618 3424 in
641 3368 809 3440 quotidiano
831 3369 981 3435 convictu,
1013 3383 1076 3423 cum
1104 3383 1148 3423 mc
1170 3367 1198 3423 in

64 3469 200 3540 ipsiusmet
221 3472 346 3546 hospitio
367 3473 444 3542 regis
463 3471 598 3530 mandato
618 3473 785 3543 susceperit.
818 3471 1022 3544 [lignissimunr
1041 3472 1070 3528 in
1092 3487 1200 3530 sumnus

64 3577 197 3646 existimo,
228 3594 313 3650 quern
334 3576 532 3635 Illustrissirnu
554 3576 702 3634 Celsitudo
726 3577 828 3634 Vestra
855 3593 906 3635 suo
934 3575 1032 3635 favore
1054 3582 1083 3634 et
1104 3579 1199 3649 gratie

65 3681 265 3750 complectetur,
284 3681 330 3740 cui
351 3695 396 3738 me
417 3686 587 3738 reverenter
607 3681 692 3737 etiem
714 3687 801 3751 atque
823 3681 909 3739 etienr
930 3679 1108 3739 commendo.

134 3786 248 3844 Viennae
269 3785 340 3842 XlX
361 3783 514 3842 Februarii
538 3785 620 3839 1558.

207 3891 409 3948 lllustrissimae
432 3888 617 3947 Celsitudinis
639 3888 750 3946 Vestrae
775 3889 1043 3947 observantissimus

617 4073 632 4106 ,μ
950 3995 1116 4066 Vergerius.

68 4149 210 4204 ontworten
235 4152 341 4214 muste,
370 4150 437 4205 eber
462 4169 492 4205 er
517 4153 604 4205 wuste
629 4149 689 4203 sich
713 4153 765 4220 gut
790 4168 823 4204 zu
849 4149 1069 4220 rechtiertigen3
1097 4167 1117 4203 s.
1143 4148 1196 4203 den

69 4249 163 4300 ponzen
180 4253 287 4306 process
306 4235 471 4300 Schelhorn‚
492 4236 670 4292 smoeniiotes
689 4235 750 4299 XII,
771 4236 821 4288 592
840 4235 866 4288 ff.
906 4237 972 4289 1562
992 4236 1087 4290 wurde
1107 4235 1197 4288 merh-

71 4320 275 4390 wiirdigerweise
295 4323 338 4376 die
358 4325 442 4380 soche
461 4324 533 4379 noch
552 4324 656 4378 einmnl
674 4325 811 4389 erneuert,
830 4341 850 4376 s.
870 4323 910 4376 br.
930 4342 957 4377 n.
979 4325 1037 4378 171.
1055 4325 1115 4376 244.

133 4410 145 4458 l
164 4409 211 4464 Der
230 4411 365 4480 gesendie
385 4411 450 4466 hiess
469 4411 605 4480 Nikolens
624 4429 679 4466 von
698 4410 886 4474 Wernsdorii,
907 4429 927 4462 s.
946 4409 1048 4463 Lebret
1066 4409 1117 4474 IX,
1139 4409 1197 4461 116.
