2830 5078
61 394 114 448 15⁶⁰
575 399 636 458 239

53 569 157 642 inquam,
177 573 207 626 ut
228 566 421 636 Christianus,
443 568 538 625 omnia
559 565 705 637 condono,
732 571 844 624 tantum
868 565 1021 626 videndum
1043 567 1114 638 erit,
1144 583 1181 626 ne

52 675 97 729 mei
115 677 227 744 nepotes
248 671 331 730 illum
351 678 474 744 urgeant
495 687 547 743 pre
568 673 710 729 interesse
730 667 848 729 lamiliae
868 675 983 742 nostra,
1004 687 1070 745 qnae
1089 669 1182 730 luite

51 776 171 834 mutante
191 776 331 835 atrociter
344 777 497 850 proscissa.
528 776 599 834 Haec
619 774 735 848 inquam
756 781 867 834 tantum
889 791 982 848 nuper
1005 774 1123 834 fuerunt
1143 777 1181 836 ad

52 897 88 939 me
106 897 138 938 ex
154 880 350 952 Heidelberga
370 883 540 954 perscripta,
561 887 594 940 ut
614 878 745 938 diabolus
766 878 886 938 haberet
906 886 1097 956 opportunam
1119 887 1181 940 tetr-

53 985 117 1043 tandi
136 987 332 1054 occasionem,
362 985 476 1060 quando
496 986 618 1044 maxime
638 989 751 1058 tempus
773 988 818 1042 est
844 982 973 1042 oblivisci
1002 983 1181 1056 injuriarum,

55 1091 92 1148 sed
109 1090 234 1163 prolecto
256 1090 409 1151 obliviscor
430 1099 460 1150 et
470 1090 584 1150 Christo
595 1095 625 1147 et
640 1089 751 1148 Vestra
761 1087 933 1148 celsitudini
955 1093 987 1146 nt
1007 1087 1075 1160 dixi,
1096 1089 1181 1162 dono,

53 1201 74 1252 et
90 1195 223 1255 Scalichiu
246 1196 349 1267 etiam,
376 1209 429 1265 pro
450 1209 507 1266 quo
528 1207 585 1250 non
606 1191 742 1250 desistam
763 1207 863 1262 orare,
889 1189 941 1248 sed
961 1189 1095 1250 habenda
1116 1193 1181 1265 erit,

50 1303 74 1354 nt
91 1296 150 1367 dixi,
170 1298 247 1356 ratic
267 1313 394 1356 meorum
416 1302 560 1367 nepotum,
583 1295 631 1368 qui
647 1293 814 1366 gravissime
831 1294 867 1352 de
884 1309 919 1352 eo
934 1303 1150 1369 conqueruntur
1163 1297 1181 1356 ¹.

112 1401 284 1460 Commendo
311 1417 356 1459 me
384 1406 555 1458 reverenter
576 1397 688 1456 Vestrae
708 1397 912 1456 illustrissimae
933 1398 1113 1471 celsitudini,
1135 1405 1180 1462 eui

47 1521 112 1577 rogo,
125 1507 213 1566 Pater
227 1506 354 1566 coelestis
367 1510 473 1577 augeat
492 1519 559 1562 suos
580 1502 692 1562 diuinos
713 1503 873 1576 thesauros,
894 1503 1028 1577 spiritum
1048 1511 1078 1564 et
1094 1505 1179 1566 fidem

48 1627 89 1683 per
106 1611 248 1672 Christum
269 1611 416 1670 dominum
437 1615 576 1668 nostrum.

110 1717 247 1790 lubingae
269 1716 317 1776 die
339 1716 394 1774 llll
414 1715 485 1774 dclii
509 1714 584 1773 1560
604 1731 680 1774 anno

331 1820 443 1878 Vestrae
465 1818 672 1876 Illustrissimoe
692 1816 879 1878 Celsitcdiuis

615 1923 739 1980 servitor
758 1919 924 1980 Ludovicus
945 1921 1103 1994 Vergerius

637 2041 688 2097 pro
710 2024 738 2082 d.
759 2025 900 2097 vergerio
920 2033 1089 2100 aegrotante.

573 2289 643 2346 ilia.

314 2455 318 2464 «
431 2415 572 2504 Vergers
595 2421 778 2484 testament.

109 2549 274 2608 dumalias
295 2567 330 2608 ex
351 2549 435 2609 ltalia
461 2552 571 2611 scilieet
598 2551 748 2623 religionis
773 2566 860 2610 causa
886 2549 1038 2611 discedens
1063 2550 1181 2612 fecerim

45 2655 196 2724 generalem
218 2656 346 2714 omnium
365 2654 505 2714 bonorum
526 2671 653 2714 meorum
670 2662 700 2714 et
718 2655 803 2714 etiarn
820 2655 969 2714 feudorum
988 2655 1180 2730 donationem,

46 2773 115 2828 quam
135 2760 224 2819 laudo
245 2766 276 2818 et
295 2759 433 2833 approbo,
454 2776 530 2819 nunc
550 2760 586 2818 de
607 2758 777 2834 quibusdam
800 2759 961 2827 mobilibus,
983 2775 1048 2832 quta
1068 2775 1179 2820 mecum

45 2861 123 2922 labeo
144 2865 191 2922 lric
212 2869 243 2922 et
263 2861 348 2934 alibi,
369 2861 445 2922 facio
465 2863 539 2922 itanc
558 2869 731 2934 presentem
749 2863 961 2926 ordinationem
981 2871 1011 2924 et
1031 2863 1096 2923 volo
1117 2881 1180 2923 eam

45 2963 132 3026 haberi
151 2969 218 3027 loeo
238 2967 405 3027 testamenti
427 2972 456 3024 et
477 2965 585 3024 ultimae
601 2965 764 3026 voluntatis.
796 2966 840 3026 Ile
856 2966 929 3036 Deo,
950 2967 986 3027 de
998 2964 1122 3039 Christo,
1145 2967 1181 3026 de

44 3074 127 3132 anima
146 3075 207 3132 dixi
227 3080 257 3133 et
277 3074 398 3147 exposui
419 3080 521 3145 antea,
553 3087 642 3146 qnare
663 3088 719 3130 non
742 3080 799 3143 est,
827 3078 860 3132 ut
881 3071 926 3130 hic
948 3071 984 3132 de
1005 3071 1050 3130 his
1070 3073 1181 3146 aliquid

44 3193 129 3253 agam3
150 3180 219 3250 seio,
240 3179 312 3238 nihil
331 3195 402 3252 opus
423 3194 487 3237 esse
508 3177 672 3236 Christiano
698 3177 819 3250 homiui,
847 3177 918 3236 nildl
945 3176 1061 3236 omuino
1083 3177 1181 3252 legare

44 3295 89 3350 pro
108 3284 201 3342 anima
227 3300 298 3354 sna,
330 3297 414 3356 qoam
436 3281 514 3340 Deus
535 3281 666 3353 precioso
688 3297 739 3340 sue
761 3281 899 3354 sanguiue
926 3279 1115 3342 sanctificavit
1136 3299 1181 3342 se·
1295 3281 1314 3293 ““

46 3385 93 3444 nel
112 3394 142 3446 et
161 3388 284 3447 redemit
304 3397 392 3460 atque
412 3387 521 3446 utinam
542 3387 596 3445 hoc
615 3403 711 3445 meum
731 3371 894 3462 exemplum
914 3388 1020 3461 reliqui
1033 3387 1092 3446 mei
1106 3403 1183 3446 eom·

44 3493 177 3563 patriota,
196 3497 317 3565 propter
337 3506 408 3565 qnos
429 3491 482 3548 lroc
503 3489 606 3562 scribo,
626 3490 819 3550 imitarentur.
850 3489 922 3550 (lum
946 3509 1015 3552 vero
1035 3492 1111 3560 milri
1124 3493 1184 3552 sint

47 3599 97 3652 tres
117 3613 152 3654 ex
172 3596 229 3656 filio
250 3595 351 3654 fratris
372 3603 492 3669 nepotes
513 3595 651 3667 Aleisius,
672 3597 819 3668 Aurelius,
840 3597 973 3667 larome,
995 3604 1025 3657 et
1047 3613 1112 3656 cum
1132 3597 1183 3656 do·

46 3701 115 3758 natio
135 3702 263 3769 omnibus
283 3699 375 3760 tribus
396 3697 484 3758 luerit
503 3696 596 3770 laem,
624 3713 700 3758 nunc
720 3700 757 3760 dc
778 3699 947 3773 quibusdam
968 3701 1050 3760 bonis
1070 3699 1183 3759 mobili·

46 3800 105 3876 bus,
126 3823 187 3879 quae
206 3807 276 3866 mihi
296 3811 467 3879 supersunt,
488 3805 568 3871 volo,
590 3811 622 3862 ut
643 3821 743 3864 eorum
764 3807 889 3870 omnium
914 3807 972 3864 duo
1000 3821 1098 3864 eorum
1125 3803 1184 3863 sint

45 3905 160 3972 heredes
186 3921 215 3972 et
240 3927 422 3972 successores
450 3918 480 3968 et
507 3911 629 3984 domini,
659 3911 795 3972 videlieet
815 3910 979 3970 Ludovicns
1006 3917 1036 3970 et
1057 3908 1183 3970 lacobus

45 4011 191 4089 ducturam
212 4017 289 4092 quod
309 4023 430 4090 propter
451 4017 522 4074 duas
543 4033 642 4076 causas
663 4015 746 4089 facio,
767 4017 860 4076 altera
876 4021 1050 4090 estpropter
1062 4015 1183 4087 gloriam

46 4114 106 4190 llei,
127 4119 161 4181 de
180 4139 235 4196 qna
246 4139 305 4182 noa
317 4123 424 4182 attinet
436 4121 533 4182 dicere
547 4121 640 4196 plura,
661 4121 755 4182 altera
766 4137 845 4194 varo,
867 4121 936 4194 quia
949 4121 1049 4192 parari
1063 4118 1183 4180 Aurelio

601 4253 615 4287 i*

116 4355 130 4406 l
148 4355 258 4427 Ludwig
271 4355 377 4426 Verger
393 4354 504 4410 achrieb
522 4355 592 4408 dher
606 4355 660 4410 den
674 4355 780 4411 handel
793 4356 846 4411 mit
858 4351 1012 4408 Scaliehius
1025 4351 1108 4403 rrntsr
1120 4350 1183 4404 dem

51 4438 82 4490 16
99 4437 155 4492 lull
171 4459 205 4496 an
225 4444 326 4508 Breuem
346 4461 367 4497 s.
386 4441 499 4506 Pressel,
519 4443 664 4500 daacdota
683 4441 837 4500 Brentiaaa
855 4459 875 4496 s.
893 4440 954 4494 471.
