2830 5078
762 369 826 432 214
1296 366 1344 422 rttt

221 543 354 602 Vestram
376 557 431 600 non
453 542 587 600 audeant.
620 511 720 614 bruni,
741 557 786 600 me
807 539 917 598 misisse
931 537 968 598 ad
981 541 1111 610 reginam
1123 539 1256 613 Angliae¹
1275 555 1345 600 exen-

220 645 299 720 plnm
319 660 450 704 recessus
470 640 727 714 Franclordiensis‚
748 641 895 702 hortatum
915 638 1004 700 inisse
1025 659 1106 702 suam
1125 646 1310 718 majestatem,
1326 654 1347 705 nt

225 766 289 809 cnm
318 750 369 808 illo
395 749 558 808 consentiat
588 753 618 806 et
648 763 711 804 cum
730 745 936 805 Illustrissimis
964 747 1216 808 Dominationibus
1243 750 1347 822 Vestris

223 855 289 914 illos
309 869 354 913 me
376 855 525 914 damnasse
545 853 714 912 nominatim
733 849 825 928 (quod
846 857 941 910 tamen
964 853 1079 911 minime
1100 850 1169 930 feei)
1196 855 1226 912 in
1253 853 1348 913 auribus

220 962 339 1034 regium,
360 975 449 1031 quare
471 975 570 1018 eorum
591 974 705 1017 eausam
727 955 833 1016 lactem
853 972 916 1015 esse
938 956 1144 1028 difficiliorem,
1172 963 1203 1016 et
1224 959 1348 1017 minantur

220 1067 250 1124 in
271 1082 389 1138 summa,
411 1066 487 1138 qnod
509 1064 599 1123 velint
618 1063 725 1123 ulcisci.

298 1170 362 1242 Ego
382 1169 509 1229 nondum
529 1169 674 1242 rescripsi,
696 1167 747 1229 sed
768 1167 918 1227 ostendam
939 1169 1019 1241 prins
1033 1167 1145 1226 Vestrae
1165 1167 1349 1226 Illustrissima

220 1275 405 1344 Gelsitudini‚
435 1274 503 1348 quid
525 1272 701 1346 respondere
721 1274 750 1332 in
772 1273 866 1331 animo
887 1272 1017 1332 habeam.
1057 1271 1115 1330 Res
1143 1272 1219 1330 enim
1248 1276 1289 1330 est
1306 1288 1347 1328 non

221 1377 301 1452 parri
322 1376 475 1448 momenti3
498 1373 633 1443 fremunt,
655 1375 765 1434 nollent
785 1373 890 1434 iactam
910 1375 990 1432 illam
1011 1375 1246 1436 declarationem.

299 1481 442 1554 Exspecto
462 1497 541 1540 meas
562 1482 590 1538 in
613 1480 774 1552 catalogum
794 1478 1031 1552 annotationcs²‚
1053 1482 1210 1554 corrigam,
1231 1479 1349 1554 quidquid
1400 1529 1401 1534 ,

223 1586 328 1644 Vestra
348 1584 545 1643 Illustrissima
567 1583 733 1642 Dominatio
753 1581 940 1654 mandauerit,
963 1585 1008 1640 cni
1034 1600 1078 1642 me
1106 1593 1275 1645 reverenter
1292 1601 1350 1643 con·
1401 1559 1402 1570 ἵ

221 1689 334 1750 mendo.

300 1791 437 1864 Tubingae
459 1789 584 1849 calendis
606 1788 782 1862 Septembris
806 1793 890 1849 1559.

378 1893 580 1954 illustrissimae
602 1893 786 1953 celsitudinis
812 1894 924 1954 Vestrae
945 1895 1214 1956 observantissimus

1043 2063 1046 2068 ,
1122 2002 1284 2074 Vergerius.

292 2101 344 2156 Die
364 2101 517 2158 resolution
536 2117 591 2157 ron
611 2101 658 2158 des
676 2103 791 2174 hemngs
809 2103 923 2172 eigener
941 2103 1019 2159 haud
1038 2104 1143 2160 leniet:

300 2200 360 2259 Soll
381 2200 445 2258 dem
466 2201 556 2272 ktlnig
584 2217 638 2258 ron
660 2198 768 2259 Behem
796 2200 966 2273 gescbriben
992 2201 1051 2260 und
1079 2202 1109 2259 in
1137 2203 1250 2262 meliori
1275 2201 1351 2260 forma
1405 2219 1406 2224 ¹

220 2306 358 2380 gebcttcn
378 2305 508 2375 werden,
538 2303 669 2362 dessein
692 2303 839 2376 ktlniglich
860 2303 949 2363 wirde
970 2306 1037 2364 umb
1058 2305 1230 2380 erledigung
1249 2305 1294 2365 dio
1311 2322 1351 2378 ge·

221 2408 347 2482 sanguen
368 2407 510 2468 beholffcn
534 2407 617 2466 nolte
638 2406 721 2478 sein,
752 2408 806 2466 soll
833 2409 889 2466 ime
918 2408 991 2468 auch
1017 2409 1182 2482 inligender
1208 2409 1312 2470 bericht
1329 2410 1350 2465 in

220 2513 355 2588 originali
375 2514 578 2588 augescbickht
598 2512 722 2572 werden.

774 2783 820 2838 87.

526 2903 716 3012 Verger'an
739 2851 856 2991 herzog
880 2903 1065 2990 Christopb.

545 3033 695 3106 Tubingen
718 3038 754 3092 27
775 3034 946 3107 September
968 3038 1051 3094 1559.

291 3154 407 3210 Schickt
425 3155 469 3210 die
487 3155 675 3226 liborsetaung
695 3155 771 3212 eines
788 3155 987 3212 italibnisehen
1000 3158 1178 3225 schreibens;
1196 3161 1279 3216 theilt
1290 3157 1350 3214 seina
1406 3127 1407 3132 ἵ

220 3250 336 3322 baldige
354 3251 462 3308 abreise
480 3253 553 3309 nach
572 3253 657 3309 Polen
677 3253 737 3309 mit.

298 3348 493 3409 Illustrissimc
515 3351 658 3424 Princeps
677 3359 707 3410 et
727 3329 849 3412 Domine
871 3354 993 3412 Domine
1015 3353 1258 3414 clementissime!

298 3453 404 3525 Accepi
424 3454 488 3512 heri
509 3461 595 3514 noctu
617 3461 786 3516 reverenter
816 3465 844 3516 et
872 3460 988 3517 remitto
1015 3459 1100 3518 bodie
1121 3461 1230 3532 scripta
1250 3475 1266 3517 a
1285 3471 1348 3516 sere·

222 3557 337 3616 pissimo
358 3556 505 3616 Bohemieo
529 3577 597 3634 rege
626 3561 721 3618 missa.
763 3561 863 3630 Miror,
890 3577 969 3620 snam
997 3565 1178 3635 majestatem
1205 3563 1349 3634 intelligere

219 3663 363 3733 potuisse,
392 3666 471 3720 certe
499 3663 545 3720 rix
565 3667 635 3735 puto
656 3671 835 3735 assecutum,
865 3681 929 3724 enm
950 3665 987 3722 ad
1007 3664 1085 3723 hunc
1105 3665 1219 3723 modum
1240 3645 1348 3728 nisena

220 3775 287 3828 sunt
307 3769 382 3827 enim
402 3785 420 3826 a
439 3786 530 3842 puero
551 3785 648 3828 rerum
670 3776 699 3828 et
719 3770 880 3828 litterarum
908 3770 973 3828 rodi
1001 3770 1171 3842 conscripta.
1214 3770 1265 3828 Vir
1284 3763 1349 3840 potui

220 3874 257 3931 ad
277 3889 392 3932 sensum
412 3873 554 3946 aliquibus
575 3874 603 3930 in
625 3874 711 3932 rebus
732 3876 805 3932 verti
836 3876 1000 3948 epistolam,
1031 3891 1096 3948 quae
1117 3874 1232 3933 videtur
1258 3889 1290 3931 ex
1315 3872 1346 3927 in·

218 3977 300 4037 ferne
321 3995 339 4036 a
359 3977 448 4037 Paulo
470 3979 510 4035 lV
531 3979 567 4036 ad
588 3984 722 4052 nepotem
743 3978 863 4052 scriptn;
897 3997 932 4038 ea
953 3979 1021 4037 milri
1041 3982 1102 4037 visa
1123 3985 1168 4038 est
1195 3977 1298 4052 lepida,
1324 3976 1348 4029 nt

220 4098 440 4156 verbereque,
472 4083 622 4154 prodesset
651 4082 695 4157 (ut
715 4084 854 4161 arbitror)
876 4101 938 4144 eum
962 4085 1053 4144 Roma
1074 4085 1191 4152 veniat,
1222 4099 1271 4158 per
1290 4081 1347 4139 Ger-

787 4216 802 4250 ›l‹

290 4318 486 4372 lamma

290 4406 306 4460 2
324 4404 351 4459 S.
370 4423 397 4458 n.
417 4406 459 4466 85,
