2830 5078
45 367 102 423 raso
557 369 620 433 243

41 541 83 598 bus
100 549 250 614 parcerent.
292 541 350 600 Sed
370 557 433 602 cum
454 541 609 614 hospitium
630 540 740 624 nullum
767 540 902 614 consequi
927 543 1088 614 potuerint,
1115 558 1164 616 pe·

41 652 93 702 tunt
110 662 177 703 nuno
202 663 219 704 a
241 645 418 704 celsitudine
439 645 545 703 Vestra
572 663 625 719 per
655 645 784 716 litteras,
814 651 846 703 nt
877 645 1012 719 dignetur
1038 648 1165 706 scribere
1227 666 1230 672 ·

41 748 141 819 lbrerio,
162 750 208 823 qui
229 748 287 808 illis
307 749 458 822 provideat
479 749 592 821 (eornm
612 749 739 822 sumptu)
761 749 797 806 do
819 749 1009 822 qualicunque
1032 751 1165 824 bospitio,

41 860 63 910 et
79 854 125 910 buc
144 853 254 912 litteras
274 853 383 922 mittat;
415 869 478 910 nam
508 869 596 912 unum
618 869 653 910 ex
674 853 732 911 suis
754 852 950 925 Stutgardiam
971 855 1008 912 ad
1029 853 1165 914 iorerinm

41 957 197 1029 ablegarent3
218 957 273 1016 boc
286 956 401 1016 videtur
416 957 484 1014 mibi
497 956 659 1016 consultum
673 957 756 1014 valde
778 955 814 1014 ob
834 957 940 1016 multas
961 973 1070 1028 causas,
1091 973 1164 1031 prae-

42 1063 116 1118 sertim
134 1061 161 1117 in
181 1059 307 1134 gratiam
327 1061 405 1132 regis
427 1067 458 1118 ut
478 1062 571 1120 locum
592 1060 718 1119 babituri
740 1067 847 1120 essent.

101 1166 245 1224 Postremo
262 1165 345 1224 mitto
357 1164 527 1224 Oelsitndini
541 1165 661 1236 Vestrae,
684 1181 747 1238 quae
769 1164 814 1222 vel
835 1179 887 1236 pro
909 1182 940 1222 se
962 1165 1099 1237 dignetur
1119 1183 1165 1224 re·

38 1267 111 1325 tinere
131 1270 174 1326 vel
195 1269 313 1326 tradere
334 1268 527 1327 illustrissimo
548 1267 719 1327 Eberhardo
739 1268 943 1340 primogenito,
973 1285 1071 1327 eunom
1093 1271 1165 1329 Tur-

37 1374 106 1429 cicam
130 1373 283 1432 adductam
313 1373 350 1432 ad
378 1389 422 1432 me
451 1374 494 1430 bis
522 1371 625 1432 diebus
654 1391 689 1435 cn
711 1373 822 1430 Histria
848 1373 1008 1446 aquodam
1030 1391 1093 1432 meo
1115 1392 1187 1440 ne-¹

37 1477 122 1547 potc¹;
151 1478 324 1536 crediderim
354 1477 433 1536 illam
464 1495 527 1536 esse
554 1479 698 1550 ogr-cpiam
728 1485 759 1536 et
784 1479 943 1550 insignem,
974 1481 1165 1552 nequeenim

37 1581 119 1640 inisset
138 1583 174 1640 ad
195 1601 241 1641 sne
264 1582 389 1643 adducta
405 1586 433 1642 in
457 1600 522 1642 eum
547 1583 642 1654 finem,
664 1589 697 1642 ut
720 1581 784 1654 suit,
807 1592 839 1642 nt
861 1582 1032 1642 celsitudini
1054 1583 1165 1642 Vestrae

36 1686 94 1744 dono
114 1687 220 1756 darem,
243 1688 418 1758 experiatur,
440 1685 535 1756 credo,
558 1686 686 1744 inveniet
707 1685 892 1756 singularem.

97 1791 202 1864 Incipio
223 1793 394 1864 concinnare
411 1786 559 1865 (dictando
573 1797 669 1848 ιιιιιιθιι
683 1807 739 1846 rron
754 1789 917 1862 scribendo)
939 1789 1079 1861 quaedam,
1101 1807 1165 1862 qum

35 1893 61 1948 ad
78 1900 177 1952 statum
201 1897 303 1952 aninrae
325 1901 354 1952 et
376 1893 477 1952 salutis
499 1892 682 1967 portinent’3
709 1909 869 1966 conqueror
889 1894 964 1951 enim
986 1893 1114 1952 modeste
1137 1901 1166 1950 et

35 1997 153 2058 submisse
176 2001 288 2076 (omnia
307 2006 403 2058 tannen
424 1997 579 2080 reiciendo
600 2000 628 2056 in
657 1999 720 2070 ejus
741 1997 932 2073 voluntatem)
960 2014 1024 2054 eum
1047 1997 1108 2054 Deo
1135 2005 1165 2056 et

35 2101 143 2175 Christo,
165 2106 217 2180 qni
239 2121 284 2162 mo
305 2120 362 2162 non
384 2105 528 2176 acceperit
548 2119 623 2162 nnnc
644 2102 680 2161 ud
702 2119 748 2170 se,
769 2102 820 2160 sed
841 2101 934 2159 adbuc
954 2101 1116 2173 permiserit
1136 2101 1164 2160 in

35 2205 161 2266 laboribus
185 2215 216 2265 et
237 2210 372 2266 aerumnis
399 2208 484 2279 liujus
511 2210 594 2277 vitre,
621 2207 672 2266 fiat
692 2208 824 2264 voluntas
844 2208 917 2278 eius.
959 2205 1046 2264 Certe
1073 2205 1165 2281 (qnod

32 2310 59 2366 nd
76 2329 116 2369 me
135 2313 258 2388 attinet)
280 2328 414 2385 cuperem
441 2312 556 2370 dissolvi
584 2318 614 2370 et
642 2327 705 2369 esse
733 2329 795 2370 cum
824 2311 883 2368 illo.
924 2311 1099 2368 Commendo
1121 2327 1165 2368 me

32 2415 139 2482 piissime
162 2410 336 2476 Celsitndini
358 2397 479 2476 Vestrae.

93 2523 231 2595 Tubingae
251 2526 269 2581 8
290 2524 467 2597 Septembris
491 2525 574 2580 1560.

172 2628 378 2686 illustrissimae
399 2626 586 2686 Oelsitndinis
608 2627 719 2684 Vestrae
740 2625 1009 2683 observantissimus

922 2729 1086 2801 bernerius.

568 2967 615 3024 99.

313 3095 440 3180 Herzog
464 3094 637 3179 Christoph
661 3117 702 3158 an
727 3093 862 3178 Verger.

364 3227 460 3286 Urceb
485 3228 520 3284 10
540 3225 711 3300 September
736 3225 818 3280 lucil.

88 3347 216 3401 Antwort
234 3345 286 3400 aui
300 3363 328 3402 n.
349 3346 392 3401 98.

95 3444 265 3503 Reverendo
286 3443 369 3503 nobis
390 3444 509 3504 dilecte!

98 3547 265 3618 Accepimus
278 3546 400 3606 litteras
420 3554 485 3606 tuas
506 3546 553 3604 die
574 3548 592 3604 8
613 3545 790 3619 Septembris
812 3545 903 3604 datae.
945 3545 1028 3616 Quod
1048 3563 1101 3618 pro
1122 3562 1166 3603 re-

30 3651 183 3719 cuperanda
203 3651 372 3709 ualetudine
393 3649 548 3707 consulunt
567 3648 687 3720 medici,
709 3655 741 3706 ut
761 3647 864 3706 coelum
885 3654 934 3704 eut
955 3652 1050 3704 adrem
1073 3655 1167 3705 mutes

30 3759 55 3808 et
72 3761 101 3811 te
121 3773 269 3828 exerceas,
301 3754 454 3827 probamus
475 3754 641 3826 consilinm,
670 3760 699 3812 et
730 3753 798 3820 tibi,
830 3751 926 3824 quiin
948 3750 1166 3808 Bebonhusensi

29 3862 191 3918 monasterio
211 3862 386 3936 aliquamdiu
407 3862 513 3933 degere
534 3861 617 3934 petis,
639 3862 796 3919 clementer
816 3857 888 3915 illud
909 3857 1099 3924 concedimus,
1121 3864 1166 3914 ut·

30 3975 80 4030 que
100 3962 201 4022 ibidem
221 3965 386 4035 suscipiere,
408 3962 547 4035 praelecto
568 3963 614 4022 bic
635 3963 777 4034 adjunctis
798 3961 905 4020 litteris
926 3961 1099 4019 mandamus.

98 4133 208 4190 rubr.
230 4156 258 4191 n.
278 4139 321 4192 96.
583 4074 598 4105 ῃ
841 4203 843 4208 Ι
923 4188 926 4192 ,

97 4220 276 4280 lviedeioht
294 4224 340 4279 die
358 4223 470 4280 schrift:
508 4223 539 4276 ln
557 4223 607 4278 che
634 4223 715 4276 modo
744 4221 765 4273 si
794 4219 907 4288 portino
934 4218 978 4271 nel
1003 4219 1099 4283 tempo
1119 4215 1165 4268 del

31 4307 125 4362 morire
141 4311 209 4378 quei,
229 4312 279 4366 obe
297 4310 447 4382 ribengono
464 4309 653 4365 l'obedientia
670 4309 747 4363 della
765 4307 843 4362 sedia
863 4305 995 4358 Romane.
1034 4304 1100 4355 1560
1119 4303 1165 4354 nel

31 4395 143 4448 mesedi
160 4397 324 4453 Settembre.
361 4398 387 4452 S.
407 4398 501 4466 Serep.
521 4415 541 4451 e.
560 4397 602 4452 91.
623 4413 650 4450 n.
671 4395 712 4449 98.
902 4403 905 4409 ‘

897 4486 955 4538 lc*
