2830 5078
44 355 104 410 1560
559 361 618 422 231

40 527 206 602 quibusdam,
232 545 297 602 qum
321 528 389 587 anibi
416 529 557 590 Dominus
584 531 736 604 inspiravit
757 527 931 591 delsitudiui
959 529 1072 614 Vestrae
1099 529 1166 589 Illu-

39 633 169 690 stu'ssimm
188 631 312 692 mudum
333 632 363 690 iu
383 649 470 694 causa
483 634 645 707 Polonica·‚
667 633 744 710 qood
766 634 835 693 mihi
856 634 973 694 videtur
992 634 1168 694 commodius

39 735 226 808 exhibendum,
254 752 317 794 cum
339 737 440 796 eadem
461 736 609 798 Oelsitudo
635 739 738 798 Vestra
758 739 796 814 ad
822 739 997 813 colloquium
1017 755 1082 798 cnm
1103 739 1168 798 illu·

38 841 158 900 strissimo
187 842 339 902 electore¹
368 839 579 914 proficiscetur3
613 841 789 917 exspectabo
811 842 850 918 (si
871 842 1038 916 dignabitur
1058 849 1089 904 et
1107 843 1168 918 pla·

39 944 112 1022 cebit)
130 947 165 1004 ed
185 947 258 1006 illud
280 947 466 1007 vocationem.

29 1085 35 1093 -
103 1049 165 1108 Sum
185 1051 215 1108 in
239 1051 357 1124 operat,
378 1053 453 1126 quod
467 1053 503 1110 ad
518 1049 704 1112 Molinseum¹
725 1053 839 1122 attinet,
860 1069 992 1128 acspero
1002 1069 1048 1112 me
1059 1051 1168 1128 aliquid

40 1157 223 1227 praestiturum,
245 1173 302 1216 non
323 1163 479 1230 propterea
499 1157 641 1218 desistant
660 1158 710 1216 alii
732 1165 763 1218 et
782 1155 933 1231 proferant
947 1159 1082 1218 meliora:
1103 1175 1169 1233 poa·

37 1267 90 1320 suut
107 1262 187 1332 enim,
209 1263 278 1320 nori
298 1277 390 1320 meam
410 1261 618 1334 infirmitatem,
638 1279 673 1322 ac
685 1263 811 1322 libenter
824 1263 933 1324 laboro.
968 1263 1102 1324 liabetur
1121 1264 1169 1325 hio

37 1364 156 1438 Tubingse
175 1366 255 1440 apud
276 1367 303 1425 d.
322 1365 571 1426 Varcmbilerum⁸
590 1368 683 1441 major
703 1368 759 1427 iste
780 1367 907 1430 Molioni
928 1369 1010 1446 liber,
1031 1368 1099 1428 binc
1117 1384 1168 1444 pe·

37 1477 97 1541 tam,
115 1471 139 1528 si
157 1487 230 1543 opus
252 1469 349 1531 inerit.
389 1471 505 1532 Mittam
525 1472 603 1530 intra
623 1471 757 1546 biduum,
786 1480 819 1533 ut
838 1489 939 1548 spero,
961 1480 1012 1533 aut
1031 1473 1167 1534 triduum.

101 1574 237 1646 Quadam
258 1575 350 1634 babeo
365 1575 416 1634 *ab
443 1575 530 1634 ltalia
557 1583 587 1636 et
613 1576 730 1636 aliunde
754 1577 791 1636 sd
812 1594 858 1638 me
879 1579 1022 1650 scriptas:
1064 1577 1169 1638 Clades

40 1677 204 1752 Philippiana
224 1679 281 1738 fuit
307 1681 388 1751 talis,
417 1687 450 1740 ut
476 1681 574 1740 multis
594 1683 677 1740 anuis
698 1680 864 1742 meminerit
885 1681 927 1758 (in
947 1683 1021 1742 mari
1039 1681 1168 1758 quidem)

37 1782 104 1841 illata
123 1784 294 1845 Christianis
314 1801 332 1844 a
352 1785 454 1844 Turois
474 1785 603 1860 mojor⁴;
625 1802 682 1844 nou
703 1793 763 1844 tam
782 1793 923 1858 metuunt,
944 1803 980 1846 ne
1000 1787 1057 1860 ipsi
1066 1787 1169 1847 Turcte

38 1888 106 1947 litora
131 1889 248 1948 Thireni
276 1896 327 1948 eut
354 1889 496 1950 Adriatici
523 1891 609 1948 maris
635 1890 787 1960 invadant,
825 1907 910 1964 quam
940 1908 977 1950 ne
1008 1892 1111 1965 pirate
1138 1899 1170 1952 et

40 1991 128 2052 similes
147 1995 278 2054 latrones
298 1993 424 2068 undiquc
446 1997 608 2066 excurrant,
629 2001 799 2066 grassentur
814 1995 899 2068 longe
912 1996 1038 2070 lateque,
1059 2001 1092 2054 ut
1101 2003 1169 2070 post

39 2097 95 2154 tales
114 2097 263 2158 conflictus
284 2103 314 2155 et
334 2098 469 2158 victorias
489 2097 552 2158 ficri
572 2099 662 2170 tolet,
692 2098 769 2157 unde
789 2099 892 2158 saltem
913 2114 1023 2157 summa
1043 2099 1088 2158 rei
1107 2097 1167 2159 iru-

38 2203 165 2261 uertariae
184 2203 286 2276 inopia
307 2207 507 2274 consequetur,
529 2218 586 2261 nou
607 2201 782 2262 audentibus
801 2202 1012 2262 mercatoribus
1023 2204 1168 2278 navigare,

38 2304 132 2366 Domini
150 2308 289 2368 voluntas
307 2306 367 2368 fiet.
409 2307 554 2367 Fortassis
582 2307 635 2366 heo
660 2310 772 2366 ratione
792 2307 883 2366 uoluit
903 2323 1039 2368 coercere
1059 2307 1168 2382 Papam

38 2415 60 2466 ct
74 2411 187 2470 aliorum
212 2410 391 2485 quorundam
412 2415 547 2470 conatum
568 2415 655 2484 atque
677 2410 788 2470 rabiem
808 2417 910 2470 contra
930 2427 991 2472 noa.

98 2516 174 2590 Papa
197 2523 242 2574 est
262 2521 341 2574 totus
361 2516 390 2576 in
412 2516 471 2574 suis
492 2514 619 2574 ditandis
640 2520 669 2574 et
689 2515 927 2590 promovendam
951 2516 1057 2577 deinde
1075 2523 1167 2592 eraut,

39 2620 75 2690 qui
91 2623 238 2694 religionis
259 2637 357 2680 curam
378 2620 407 2679 in
435 2621 488 2679 hoc
516 2625 644 2680 monstro
669 2619 842 2696 sperabant,
873 2621 992 2681 babebit
1018 2622 1054 2682 de
1081 2623 1170 2683 armis

41 2726 164 2795 capiundis
186 2742 286 2786 curam
307 2726 387 2786 etde
403 2725 655 2785 idolomauiissuae
667 2725 944 2786 Romanaeccclesiae
957 2726 1169 2796 conservandis,
1229 2744 1231 2748 ·

40 2835 60 2886 et
75 2837 226 2905 propterea
245 2831 336 2890 allicit
356 2837 387 2892 et
407 2831 558 2905 conjungit
577 2830 633 2890 sibi
654 2848 729 2890 tinne
748 2847 852 2905 inagna
866 2832 1061 2892 sollicitudine
1081 2832 1169 2892 duces

40 2939 61 2990 et
76 2938 214 3009 principes
234 2937 327 2996 italie
346 2938 471 3009 nuptiis,
503 2937 729 2996 cardinalatibus
760 2937 881 3012 aliisque
902 2937 1101 3011 hujuscemodi
1121 2954 1167 2997 re·

40 3037 91 3112 bns;
110 3043 215 3116 perdat
236 3042 311 3100 enim
332 3043 411 3102 Deus
433 3060 497 3101 cum
518 3059 570 3101 sna
589 3041 746 3102 ambitioue
767 3049 854 3116 atque
874 3044 1023 3116 impietate
1044 3044 1166 3102 summai

99 3146 128 3206 In
154 3147 308 3222 republica
329 3148 442 3206 Veneta
463 3147 565 3206 dextre
587 3147 680 3206 exerit
700 3160 731 3206 ee
758 3147 978 3222 evangelium,
1005 3152 1073 3206 snut
1098 3146 1167 3219 illio,

582 3269 597 3301 ‘lt

96 3368 107 3421 l
125 3367 237 3436 Herzog
255 3362 405 3434 christoph
423 3379 482 3416 war
498 3363 532 3417 29
551 3360 618 3416 Juui
635 3361 665 3416 in
684 3359 820 3416 Hilsbaeb
845 3359 899 3414 mit
923 3360 987 3417 dem
1012 3359 1168 3417 calviniach

41 3451 168 3517 peduutau
192 3451 355 3508 kurilirsten
380 3448 522 3504 Friedrich
540 3447 581 3502 ill
605 3465 659 3503 von
684 3449 734 3504 der
758 3447 835 3504 Piala
863 3448 921 3502 und
946 3448 1009 3504 dem
1034 3449 1168 3519 streugeu

41 3533 194 3596 butherauer
212 3539 325 3594 Jobauu
343 3535 487 3592 Friedrich
506 3535 569 3590 dem
588 3534 732 3590 mittlcren
752 3534 1094 3606 zusammengekommsu‚
1120 3553 1167 3590 um

41 3623 93 3681 iber
109 3629 167 3683 eine
186 3627 372 3697 vereiniguug
397 3625 447 3679 der
470 3623 622 3679 deutschen
646 3621 902 3693 protestantischen
920 3621 1037 3677 kirchen
1057 3619 1116 3676 sich
1135 3639 1168 3676 zu

41 3709 201 3780 besprecben.
228 3715 279 3770 Die
290 3712 535 3781 heirathsantrdge
547 3727 602 3765 von
615 3709 700 3764 Peleu
717 3709 830 3763 worden
849 3708 987 3764 ebeuialls
1005 3707 1166 3771 behaudelt

42 3813 63 3851 ro
78 3799 174 3857 Saitler
193 3803 240 3866 iv,
260 3802 320 3856 146.
356 3799 462 3868 Kugler
480 3798 516 3861 11,
537 3797 596 3851 188.

97 3890 153 3943 te.
172 3891 213 3944 br.
232 3907 260 3942 n.
279 3890 303 3943 2.
331 3887 383 3941 Die
402 3885 502 3941 schrift
521 3884 639 3956 Vergcrs
658 3885 746 3940 findet
763 3883 823 3938 sich
842 3884 872 3938 iu
891 3883 1002 3938 lrcinem
1021 3881 1169 3938 schriiteu·

42 3976 205 4042 semeichuill,
225 3977 262 4032 ist
280 3976 340 4031 also
359 3973 432 4028 wohl
453 3972 533 4028 nicht
550 3972 689 4043 gedruclrt
707 3971 829 4030 worden.

98 4065 263 4120 3Nikolaus
281 4061 441 4118 Verubitler
458 4078 507 4115 aus
527 4059 653 4124 biudau,
679 4061 742 4130 geb.
764 4061 846 4130 1515,
872 4057 926 4112 seit
944 4057 1012 4112 1544
1030 4055 1169 4128 professor

41 4146 96 4214 juris
111 4151 138 4206 iu
155 4151 313 4222 Tibingen,
332 4154 348 4219 †
367 4152 382 4204 5
398 4147 550 4204 December
570 4149 647 4204 16⁰4.

99 4239 178 4296 tDie
194 4237 339 4294 tiirkische
357 4237 437 4292 flotte
462 4239 543 4292 auter
562 4235 634 4291 Pieli
660 4235 759 4306 schlug
786 4233 831 4288 die
858 4250 906 4286 aur
930 4231 1090 4299 eroberuug
1114 4245 1169 4284 rou

44 4317 144 4392 Tripolin
170 4325 358 4397 ansgesaudts
386 4324 534 4397 spanische
562 4323 727 4400 expedition
754 4320 800 4376 bei
823 4318 928 4382 Jerbeb
953 4317 993 4380 im
1022 4315 1090 4372 Geli
1113 4331 1170 4370 rou

45 4402 122 4464 Tenis.
651 4437 652 4442 =
