2884 5074
92 281 152 336 1563
623 281 682 340 471

90 471 229 523 aerumnas,
250 452 316 510 dum
329 453 433 524 possim
450 467 603 510 occurrere
625 449 690 508 huie
712 455 793 508 tanto
815 451 899 518 malo,
922 447 1008 506 etiam
1030 446 1054 504 si
1077 444 1146 503 milri
1165 462 1225 502 mo·

88 560 210 618 tiendum
233 558 279 616 sit.

149 687 253 740 Hinten
272 701 327 738 von
347 684 393 738 das
413 683 528 748 hernogs
549 681 639 733 haind:
1140 725 1143 732 .

152 775 206 827 Das
225 790 287 842 pass
307 771 342 824 ist
362 770 424 823 n'oll
447 769 558 836 hagani,
586 768 652 822 ulter
672 767 715 820 nit
733 765 890 836 hamingo
909 767 1020 820 werden
1047 783 1075 818 es
1094 763 1165 818 aueh
1185 763 1227 816 nit

87 861 180 922 thnen,
210 861 300 929 geben
320 859 377 912 sich
397 858 484 911 selbst
505 857 565 910 auiti
580 856 625 910 die
645 854 852 910 fleisehbanolrh
879 853 934 908 alle
955 854 1014 916 die,
1040 870 1141 907 soron
1162 851 1224 906 dem

87 946 227 1016 pahstumb
247 947 440 1016 nbgetietten,
467 962 507 996 un
536 963 584 1012 eye
611 943 765 997 t'retnbdem
786 941 984 1010 kriegsvolclrlr
1006 940 1058 995 den
1080 939 1226 1006 durehzng

88 1035 138 1086 nnd
155 1019 216 1102 pass
236 1033 351 1086 wurden
371 1033 528 1100 gestatten,
550 1030 663 1084 wiri-den
683 1046 731 1099 eye
750 1027 842 1100 gewill
861 1027 906 1083 die
926 1032 1016 1082 ersten
1044 1029 1115 1088 sein,
1142 1044 1171 1080 so
1197 1043 1225 1079 es

85 1139 222 1190 gereuwen
243 1121 346 1174 wurde.

616 1376 682 1428 249.

385 1490 509 1577 Verger
533 1513 576 1558 an
599 1493 718 1578 herzog
742 1492 925 1577 Christoph.

480 1623 638 1695 Tttbingem
660 1624 721 1682 sine
743 1625 819 1682 dato.

424 1723 491 1778 Mun
511 1723 670 1782 November
690 1725 875 1782 lateranen.

145 1837 233 1892 Bittet
253 1857 300 1891 um
321 1837 383 1890 trist
403 1838 446 1890 tur
465 1837 510 1890 die
530 1838 677 1893 Litthauer
698 1857 745 1894 zur
764 1839 922 1909 benahlnng
942 1839 1017 1892 ihrer
1043 1836 1156 1898 sehnld;
1180 1837 1224 1888 fiir

82 1932 132 1988 siah
151 1953 195 1987 um
217 1934 263 1988 die
285 1932 440 1994 erlaubnitt,
460 1933 531 1987 naeh
545 1933 735 1988 Graubiinden
749 1935 838 1988 reisen
854 1953 885 1987 zu
901 1934 999 1987 diurfen
1017 1933 1073 1986 und
1095 1951 1140 1986 tim
1161 1931 1223 1985 eine

83 2027 202 2098 billigere
224 2029 367 2099 wuhnung
384 2029 413 2080 in
433 2027 590 2100 Tiibingen.

150 2128 351 2186 illustrissime
374 2128 511 2200 Princeps
533 2134 563 2185 et
585 2129 704 2186 Domine
727 2128 849 2186 llomine
871 2127 1115 2186 clementissime!

152 2232 268 2290 Domini
289 2233 429 2292 Litueni¹
450 2241 590 2306 rogarunt
610 2250 663 2302 me,
687 2242 719 2292 ut
739 2235 896 2306 supplicem
911 2232 1115 2291 illustrissimae
1132 2230 1221 2288 Celsi·

80 2336 163 2394 tudini
184 2339 297 2396 Vestrae
319 2355 419 2395 eorum
440 2340 562 2408 nomine,
585 2340 670 2412 quod,
692 2357 755 2398 oum
776 2339 902 2397 debeant
922 2339 965 2396 illi
986 2341 1130 2396 trecentos
1151 2335 1221 2394 tale-

80 2459 120 2498 ros
139 2459 190 2514 pro
211 2441 335 2501 totidem
356 2443 410 2500 sibi
430 2449 529 2502 mutuo
551 2445 640 2514 datis,
664 2461 734 2518 ¹(111ae
756 2444 811 2503 fnit
832 2444 953 2503 inanima
976 2445 1039 2516 ejus
1059 2442 1220 2511 elementia,

80 2544 205 2618 dignetur
227 2553 413 2618 exspectare,
444 2549 510 2606 dum
532 2551 560 2608 in
582 2550 704 2622 patriam
736 2551 866 2608 redeant.
908 2550 1012 2608 Sancte
1040 2549 1115 2604 enirn
1143 2545 1221 2604 affir-

79 2659 156 2723 mant,
179 2658 209 2710 et
232 2657 264 2708 nt
288 2651 398 2708 nobiles
416 2651 501 2709 decet
525 2658 613 2725 atque
637 2653 823 2724 Christianos,
846 2670 877 2710 se
897 2653 995 2710 statim
1017 2652 1137 2708 misuros
1158 2649 1220 2706 sine

79 2773 158 2816 nora.
200 2757 302 2840 Fauciet
327 2758 432 2815 Vestra
453 2758 620 2816 Sublimitas
648 2761 678 2818 iu
708 2777 743 2820 ea
767 2776 806 2833 xre
839 2777 898 2818 rent
922 2757 1112 2830 gratissimam
1133 2762 1219 2826 atque

78 2862 256 2921 lionoritleam
278 2863 332 2920 sibi
353 2870 382 2919 et
403 2863 458 2920 toti
481 2879 581 2920 eorum
603 2862 750 2922 lamiliae·.
887 2933 892 2938 Ι

148 2968 227 3041 Ego,
260 2968 336 3040 quod
357 2967 392 3024 ad
416 2985 459 3025 me
481 2967 652 3040 Vergen'um
672 2970 794 3039 attinet,
826 2970 952 3027 monitus
973 2983 1036 3024 sum
1055 2981 1072 3022 a
1094 2965 1121 3020 d.
1143 2961 1220 3020 della

77 3069 196 3142 droyx2,
219 3089 250 3129 se
273 3069 469 3142 proiecturum
494 3073 521 3128 in
543 3071 682 3130 Rhoetiam
705 3079 735 3132 et
756 3079 945 3131 tractaturum
968 3083 1081 3129 eausam
1101 3067 1220 3126 foederis

75 3177 223 3234 renovandi
245 3177 276 3232 in
297 3191 395 3232 mense
416 3175 555 3234 lanuarin
578 3177 694 3235 circiter
716 3177 820 3238 festum
843 3179 870 3236 S.
892 3176 990 3244 Pauli,
1020 3182 1049 3233 et
1070 3176 1165 3246 eupit,
1187 3178 1220 3230 ut

75 3277 121 3334 aim
141 3296 197 3336 una
218 3296 282 3336 euru
302 3279 362 3336 illo.
406 3281 500 3350 Quare
526 3282 554 3336 in
577 3281 671 3338 attinio
693 3279 828 3338 haberem
850 3262 1000 3352 accedere,
1023 3287 1053 3338 et
1073 3293 1219 3353 sperarem

75 3383 191 3456 aliquem
214 3381 475 3458 i1·uetunu(siDei
503 3383 635 3440 voluntas
664 3383 764 3454 esset).
806 3384 912 3442 Vestra
935 3385 1133 3443 illustrissima
1155 3382 1219 3440 Oel-

75 3487 162 3547 situdo
185 3489 321 3562 dignetur
343 3489 438 3546 dicere
461 3505 539 3545 suam
561 3490 754 3556 sententiam,
786 3507 822 3547 an
850 3489 918 3547 nitu
947 3495 1024 3548 esset
1052 3489 1217 3558 eundums3

75 3609 124 3650 non
145 3594 340 3652 detrectarem
361 3593 497 3663 laborem,
519 3593 641 3652 niaxime
664 3594 730 3666 quia
752 3595 851 3653 dubito
872 3593 999 3654 futuram
1016 3596 1141 3668 aliquam
1164 3593 1218 3652 dil·

75 3695 225 3757 leuitatem
254 3699 283 3754 in
314 3699 489 3756 renovando.
531 3699 605 3756 Num
631 3699 751 3771 Hispani
780 3706 809 3758 et
836 3699 1068 3758 Mediolanenses
1095 3700 1217 3758 maxime

74 3811 189 3874 urgent,
223 3821 260 3862 ne
280 3802 349 3873 fiat,
382 3803 433 3860 sed
455 3821 519 3861 eum
540 3805 596 3861 illis
617 3806 732 3878 potins,
765 3807 842 3878 quod
863 3813 941 3864 certe
962 3808 1029 3863 scio.
1071 3805 1218 3863 Praeterea

73 3924 222 3980 sperarem,
247 3925 291 3966 me
312 3909 422 3982 aliquid
442 3911 470 3966 in
493 3910 633 3981 religione
655 3909 850 3982 profecturum
874 3913 969 3970 multis
989 3911 1088 3968 modis.

146 4015 282 4072 Habitari
314 4015 453 4072 haetenus
484 4014 581 4072 multis
606 4017 688 4072 annis
715 4034 768 4090 per
796 4017 850 4074 Dei
878 4017 1000 4090 gratiam
1022 4014 1160 4087 Tubiugae
1188 3998 1216 4069 in

139 4250 151 4300 1
172 4249 198 4301 S.
219 4267 246 4301 n.
268 4250 324 4302 151.

137 4336 153 4387 ‘2
172 4336 228 4390 Der
247 4337 433 4393 franudeisohe
451 4338 594 4406 gestandis,
615 4358 635 4392 s.
656 4357 682 4393 n.
705 4340 762 4394 tel.
