2862 5080
63 385 127 442 1533
597 391 654 452 391

132 557 228 620 Rediit
246 559 334 619 hodie
349 559 480 619 venetiis
500 573 580 616 meus
601 554 750 616 familiaris
763 557 780 628 ¹,
801 557 851 631 qul
872 574 907 620 eo
927 575 991 620 cum
1011 559 1117 618 litteris
1132 556 1197 618 (lel-

61 663 185 722 situdinis
211 663 324 722 Vestrae
350 661 555 722 illustrissime
585 662 614 719 in
647 677 734 720 causa
764 661 886 724 ulterius
912 662 1025 738 nepotis
1050 661 1198 736 proiectus

59 765 154 828 iuerat.
194 767 310 828 Domini
332 767 437 826 Veneti
457 765 528 826 nibil
548 763 696 838 iecerunt,
724 771 757 825 ut
777 784 871 842 neque
890 767 1116 842 responderunt,
1144 783 1197 840 pro

60 889 149 932 eorum
168 873 331 946 impietate,
361 887 504 945 nunquam
534 872 609 930 enim
636 871 678 930 itu
699 870 816 930 fuerunt
836 878 895 932 tem
915 874 990 932 male
1011 871 1108 934 offecti
1128 889 1197 945 erga

59 977 229 1052 euangelium
248 979 320 1038 lesu
340 977 455 1045 Christi,
477 983 509 1035 nt
529 993 604 1036 nuuc
624 983 706 1048 sunt,
728 983 877 1038 convertet
897 995 947 1038 eos
967 979 1054 1038 Deus.
1095 978 1196 1052 Proie-

59 1087 151 1140 cerunt
172 1097 264 1155 nuper
284 1082 313 1140 in
335 1080 452 1140 exilium
471 1079 648 1138 rarissimum
665 1082 811 1154 juvenem,
832 1083 926 1153 petria
948 1081 1140 1148 brixiensem,
1161 1098 1196 1142 ex

57 1183 152 1244 illustri
177 1183 288 1244 iarnilie
308 1184 493 1256 martinengo
514 1189 544 1241 et
571 1183 685 1257 quidem
713 1185 865 1258 comitem,
895 1185 1015 1258 Latinis,
1037 1185 1146 1246 Grecis
1166 1191 1198 1244 et

57 1287 198 1348 Hebraicis
218 1289 325 1348 litteris
345 1287 429 1346 valde
450 1287 595 1346 eruditum
616 1305 674 1346 une
693 1305 757 1348 cum
780 1295 880 1362 metue,
902 1290 1023 1350 sublatis
1041 1290 1085 1350 illi
1105 1291 1196 1350 omni·

57 1393 103 1450 bue
122 1392 204 1452 bonis
225 1409 279 1466 per
299 1390 537 1452 confiscationem.
570 1391 709 1451 Consistit
721 1399 817 1452 eutem
834 1409 908 1454 nuuc
920 1378 1062 1466 Glavenae,
1083 1395 1120 1454 de
1139 1410 1196 1468 qao

56 1513 145 1556 coram
166 1477 260 1556 dicem
282 1496 421 1568 pluribus.
452 1496 547 1569 Ipsam
562 1496 646 1556 video
658 1497 836 1566 modestiam,
857 1515 920 1558 cum
937 1497 1081 1558 hominem
1101 1498 1196 1557 video.

55 1600 144 1675 Usque
174 1617 233 1676 quo
261 1601 375 1660 domiue
396 1601 475 1660 Deus
502 1601 611 1674 pateris
631 1607 740 1662 teumm
760 1599 886 1662 filiorum
907 1608 1021 1662 tuorum
1046 1603 1196 1676 stragem?

54 1705 256 1764 ,luimedverto
270 1707 365 1777 etiem,
377 1707 467 1778 ipsam
478 1703 717 1764 Vellemtelliuam
734 1707 822 1764 veluti
834 1705 941 1778 frigore
954 1707 982 1764 in
996 1707 1146 1778 euangelio
1166 1715 1197 1775 ct

58 1824 108 1868 non
127 1809 282 1883 proficere,
302 1816 334 1867 nt
354 1810 490 1880 deberet,
513 1810 592 1868 Deus
613 1810 658 1869 bic
679 1826 792 1884 quoque
813 1809 952 1870 escendat
971 1809 1049 1870 iaces
1069 1813 1194 1887 pietatis,

55 1913 124 1987 quod
143 1929 232 1988 spero
252 1911 402 1972 iacturum.

125 2017 198 2076 Cum
211 2015 418 2088 Bullingbero⁸
437 2017 527 2074 multa
548 2015 656 2074 contuli
676 2023 707 2076 et
727 2016 833 2088 monui,
854 2033 918 2091 quae
938 2017 1006 2076 mihi
1027 2017 1196 2078 riderentur

54 2123 227 2194 necessaria,
257 2122 307 2180 sed
330 2137 426 2180 coram
446 2120 568 2179 narrabo
590 2121 627 2196 (si
648 2122 728 2180 Dens
748 2121 885 2197 uoluerit)
907 2138 1000 2196 neque
1022 2129 1107 2182 erunt
1127 2139 1194 2181 con-

52 2227 211 2286 temnenda.
253 2226 339 2297 Vale,
367 2225 561 2286 illustrissime
581 2225 734 2298 Princeps,
766 2243 817 2286 oro
843 2231 954 2300 patrem
976 2225 1084 2284 domini
1103 2229 1194 2286 nostri

51 2329 114 2388 lesu
135 2330 257 2402 Christi,
279 2337 311 2388 ut
331 2330 400 2389 Tute
421 2329 578 2388 Serenitati
599 2336 706 2402 augeat
726 2346 778 2388 sua
798 2331 882 2404 dona,
904 2330 1037 2402 spiritum
1058 2337 1088 2390 et
1107 2329 1193 2400 fidem

50 2452 97 2507 per
115 2437 242 2495 eundem
264 2434 407 2493 Christum
429 2433 574 2492 dominum
596 2439 734 2493 nostrum.
775 2435 805 2494 In
832 2435 955 2494 eundem
976 2435 1091 2494 modurn
1111 2436 1193 2494 multi

50 2538 110 2598 boni
130 2539 241 2599 iratres
263 2538 393 2612 qnotidie
415 2543 507 2608 orent,
528 2537 606 2611 quod
625 2536 745 2596 affirmo.

122 2646 232 2704 Datum
252 2643 368 2702 Sondrii
388 2642 418 2700 in
438 2641 624 2701 valletellina
644 2641 692 2701 die
714 2642 783 2700 XVI
803 2642 883 2700 Junii
907 2644 991 2700 1563.

273 2745 478 2805 Illustrisslmae
499 2744 685 2806 Celsiludinis
706 2747 819 2806 Venere
843 2749 966 2806 sortitor

946 2850 1114 2923 Vergerius.

588 3034 651 3090 185.

350 3161 475 3248 Verger
498 3185 541 3228 en
563 3164 683 3249 herzog
705 3162 890 3250 Chrisboph.

418 3293 568 3365 Tlibingen
590 3295 627 3352 29
649 3293 709 3354 Juli
733 3296 816 3352 1563.

611 3439 626 3472 ἦ*

169 3494 227 3530 .n.
265 3477 307 3530 7.

112 3477 263 3631 ἑῗΠγιιθέ
282 3478 482 3632 6Μειτὺιηεηςο,
509 3561 576 3630 grai
597 3578 651 3616 von
680 3560 796 3615 Baccho.
833 3561 897 3616 Meo
916 3562 978 3618 Cris
1004 3563 1112 3618 erabhlt
1136 3581 1190 3619 von

45 3653 106 3718 ihm,
126 3650 185 3706 dall
205 3669 236 3706 er
254 3650 301 3704 ein
320 3649 471 3720 gelehrler,
489 3649 621 3704 frcmmer
639 3649 804 3714 edelmund,
825 3649 949 3704 mehrere
965 3649 1046 3720 jehre
1065 3651 1134 3722 lang
1153 3651 1190 3704 im

46 3739 152 3793 Veltlin
173 3738 233 3792 sich
253 3737 435 3808 aufgehalten
455 3736 513 3790 und
532 3735 596 3790 dort
620 3734 771 3805 gepredigb
796 3735 885 3799 habe,
910 3738 1005 3805 spdter
1029 3735 1192 3805 geistlieher

46 3825 91 3880 der
109 3825 314 3882 itelibnischen
339 3825 487 3894 gemeinde
511 3824 540 3877 in
561 3825 732 3892 Antwerpen
752 3824 845 3878 wurde
864 3824 924 3877 385.
960 3826 986 3878 S.
1005 3841 1032 3878 n.
1053 3825 1110 3879 197.
1131 3825 1191 3879 203.
1306 3841 1314 3849 ’
1423 3785 1425 3810 ³

44 3913 100 3967 tel.
137 3914 248 3983 Herzog
267 3912 416 3982 Christoph
436 3914 623 3967 unterstutzte
642 3911 692 3964 ibn
711 3912 815 3966 sinmel
835 3913 1002 3968 bedentend.
1060 3945 1062 3950 ·

110 4002 127 4054 3
146 4001 174 4054 S.
194 4018 220 4062 n.
242 4001 300 4053 ill.
320 4000 415 4070 Meyer
433 3999 466 4063 II,
486 4000 537 4054 250
555 3999 583 4054 ff.
602 3998 741 4053 berichtet
759 4016 808 4053 ene
828 3999 891 4054 dem
910 3999 1013 4054 munde
1031 3999 1191 4071 Bulliugere

44 4087 178 4142 anderes:
205 4086 278 4151 vide,
297 4089 377 4158 segte
396 4087 455 4140 ihm
474 4086 628 4156 Bullinger,
647 4087 724 4140 utin
743 4086 794 4139 ille
811 4087 928 4142 ecclesia
945 4089 1048 4158 pecata
1066 4090 1096 4142 et
1115 4091 1191 4144 reete

43 4173 176 4231 instituta
195 4173 267 4228 nihil
287 4174 394 4230 coneris
414 4175 459 4228 vel
478 4191 581 4230 novere
600 4173 644 4228 vel
663 4173 807 4244 turbarum
820 4175 949 4240 miscere3
968 4177 1026 4231 und
1039 4173 1109 4231 iiber
1122 4177 1189 4232 Ver·

45 4279 105 4334 gers
124 4263 304 4334 bemtihuug‚
324 4262 370 4318 ein
389 4261 525 4334 gesprbth
543 4261 682 4317 awischen
701 4263 787 4318 Brona
805 4264 863 4318 und
881 4265 1027 4336 Bullinger
1045 4263 1188 4318 herbeitu·

44 4349 151 4416 idhren,
165 4351 273 4405 wernte
286 4350 336 4406 der
347 4350 478 4407 detulere:
497 4367 533 4405 ne
547 4351 679 4421 pergeret
691 4365 774 4420 agere
791 4350 826 4406 dc
843 4352 934 4415 rebus,
955 4351 989 4406 de
1007 4349 1109 4420 quibus
1127 4351 1189 4404 nul·

43 4433 100 4491 lum
119 4437 239 4495 baberet
256 4439 429 4494 mandatum.
463 4459 464 4462 ¹
600 4438 602 4444 '
