<?xml version="1.0" encoding="UTF-8"?>
<!DOCTYPE html PUBLIC "-//W3C//DTD XHTML 1.0 Transitional//EN"
    "http://www.w3.org/TR/xhtml1/DTD/xhtml1-transitional.dtd">
<html xmlns="http://www.w3.org/1999/xhtml" xml:lang="en" lang="en">
 <head>
  <title>
</title>
<meta http-equiv="Content-Type" content="text/html;charset=utf-8" />
  <meta name='ocr-system' content='tesseract 3.04.00' />
  <meta name='ocr-capabilities' content='ocr_page ocr_carea ocr_par ocr_line ocrx_word'/>
</head>
<body>
  <div class='ocr_page' id='page_1' title='image "./briefwechselzwi01verggoog/briefwechselzwi01verggoog_0174.png"; bbox 0 0 2830 5078; ppageno 0'>
   <div class='ocr_carea' id='block_1_1' title="bbox 44 357 631 422">
    <p class='ocr_par' dir='ltr' id='par_1_1' title="bbox 44 357 631 422">
     <span class='ocr_line' id='line_1_1' title="bbox 44 357 631 422; baseline -0.003 -12"><span class='ocrx_word' id='word_1_1' title='bbox 44 357 107 412; x_wconf 83' lang='lat'>1558</span> <span class='ocrx_word' id='word_1_2' title='bbox 572 361 631 422; x_wconf 81' lang='grc'>163</span> 
     </span>
    </p>
   </div>
   <div class='ocr_carea' id='block_1_2' title="bbox 42 530 1180 2068">
    <p class='ocr_par' dir='ltr' id='par_1_2' title="bbox 43 530 1179 1022">
     <span class='ocr_line' id='line_1_2' title="bbox 43 530 1176 604; baseline 0.003 -15"><span class='ocrx_word' id='word_1_3' title='bbox 43 533 72 589; x_wconf 91' lang='lat' dir='ltr'>ln</span> <span class='ocrx_word' id='word_1_4' title='bbox 88 547 189 589; x_wconf 88' lang='lat' dir='ltr'>summa</span> <span class='ocrx_word' id='word_1_5' title='bbox 202 530 329 590; x_wconf 85' lang='lat' dir='ltr'>laboravi</span> <span class='ocrx_word' id='word_1_6' title='bbox 343 547 395 602; x_wconf 92' lang='lat' dir='ltr'>pro</span> <span class='ocrx_word' id='word_1_7' title='bbox 412 531 497 604; x_wconf 85' lang='lat' dir='ltr'>virili,</span> <span class='ocrx_word' id='word_1_8' title='bbox 519 537 552 590; x_wconf 91' lang='lat' dir='ltr'>ut</span> <span class='ocrx_word' id='word_1_9' title='bbox 573 547 626 590; x_wconf 89' lang='lat' dir='ltr'>sua</span> <span class='ocrx_word' id='word_1_10' title='bbox 645 531 726 602; x_wconf 81' lang='lat' dir='ltr'>regia</span> <span class='ocrx_word' id='word_1_11' title='bbox 744 530 885 590; x_wconf 88' lang='lat' dir='ltr'>celsitudo</span> <span class='ocrx_word' id='word_1_12' title='bbox 900 531 1086 604; x_wconf 77' lang='lat' dir='ltr'>intelligeret,</span> <span class='ocrx_word' id='word_1_13' title='bbox 1109 549 1176 592; x_wconf 86' lang='lat' dir='ltr'>ean·</span> 
     </span>
     <span class='ocr_line' id='line_1_3' title="bbox 43 635 1179 709; baseline 0.004 -18"><span class='ocrx_word' id='word_1_14' title='bbox 43 636 98 692; x_wconf 91' lang='lat' dir='ltr'>dem</span> <span class='ocrx_word' id='word_1_15' title='bbox 112 651 209 692; x_wconf 81' lang='lat' dir='ltr'>revera</span> <span class='ocrx_word' id='word_1_16' title='bbox 225 635 384 692; x_wconf 89' lang='lat' dir='ltr'>doctrinam</span> <span class='ocrx_word' id='word_1_17' title='bbox 400 652 473 704; x_wconf 88' lang='lat' dir='ltr'>esse,</span> <span class='ocrx_word' id='word_1_18' title='bbox 489 653 552 709; x_wconf 82' lang='lat' dir='ltr'>quae</span> <span class='ocrx_word' id='word_1_19' title='bbox 568 636 733 694; x_wconf 81' lang='lat' dir='ltr'><strong>continetur</strong></span> <span class='ocrx_word' id='word_1_20' title='bbox 750 635 780 693; x_wconf 91' lang='lat' dir='ltr'>in</span> <span class='ocrx_word' id='word_1_21' title='bbox 791 635 977 694; x_wconf 83' lang='lat' dir='ltr'>Veldensium</span> <span class='ocrx_word' id='word_1_22' title='bbox 992 635 1179 706; x_wconf 85' lang='lat' dir='ltr'>confessione,</span> 
     </span>
     <span class='ocr_line' id='line_1_4' title="bbox 43 739 1178 814; baseline 0.005 -18"><span class='ocrx_word' id='word_1_23' title='bbox 43 739 156 798; x_wconf 80' lang='lat' dir='ltr'>exhibite</span> <span class='ocrx_word' id='word_1_24' title='bbox 176 741 359 798; x_wconf 88' lang='lat' dir='ltr'>serenissimo</span> <span class='ocrx_word' id='word_1_25' title='bbox 374 741 502 799; x_wconf 84' lang='lat' dir='ltr'>Romano</span> <span class='ocrx_word' id='word_1_26' title='bbox 523 741 585 814; x_wconf 76' lang='lat' dir='ltr'>regi</span> <span class='ocrx_word' id='word_1_27' title='bbox 606 757 681 798; x_wconf 88' lang='lat' dir='ltr'>anno</span> <span class='ocrx_word' id='word_1_28' title='bbox 705 742 790 812; x_wconf 77' lang='lat'>1535,</span> <span class='ocrx_word' id='word_1_29' title='bbox 818 759 882 814; x_wconf 77' lang='lat' dir='ltr'>quae</span> <span class='ocrx_word' id='word_1_30' title='bbox 904 748 949 800; x_wconf 88' lang='lat' dir='ltr'>est</span> <span class='ocrx_word' id='word_1_31' title='bbox 968 742 997 799; x_wconf 95' lang='lat' dir='ltr'>in</span> <span class='ocrx_word' id='word_1_32' title='bbox 1009 742 1178 814; x_wconf 80' lang='lat' dir='ltr'>Argustana</span> 
     </span>
     <span class='ocr_line' id='line_1_5' title="bbox 43 845 1179 918; baseline 0.005 -19"><span class='ocrx_word' id='word_1_33' title='bbox 43 845 187 916; x_wconf 71' lang='lat' dir='ltr'>lurnesertim</span> <span class='ocrx_word' id='word_1_34' title='bbox 207 846 236 902; x_wconf 90' lang='lat' dir='ltr'>in</span> <span class='ocrx_word' id='word_1_35' title='bbox 258 845 381 904; x_wconf 87' lang='lat' dir='ltr'>articulo</span> <span class='ocrx_word' id='word_1_36' title='bbox 403 846 439 904; x_wconf 90' lang='lat' dir='ltr'>de</span> <span class='ocrx_word' id='word_1_37' title='bbox 461 846 642 916; x_wconf 77' lang='lat' dir='ltr'>eucharistia,</span> <span class='ocrx_word' id='word_1_38' title='bbox 664 851 694 904; x_wconf 89' lang='lat' dir='ltr'>et</span> <span class='ocrx_word' id='word_1_39' title='bbox 715 845 846 904; x_wconf 88' lang='lat' dir='ltr'>omnibus</span> <span class='ocrx_word' id='word_1_40' title='bbox 876 846 971 904; x_wconf 87' lang='lat' dir='ltr'>nervis</span> <span class='ocrx_word' id='word_1_41' title='bbox 1000 847 1179 918; x_wconf 86' lang='lat' dir='ltr'>enitendum,</span> 
     </span>
     <span class='ocr_line' id='line_1_6' title="bbox 45 947 1089 1022; baseline 0.004 -18"><span class='ocrx_word' id='word_1_42' title='bbox 45 965 74 1005; x_wconf 88' lang='lat' dir='ltr'>ne</span> <span class='ocrx_word' id='word_1_43' title='bbox 91 949 114 1004; x_wconf 92' lang='lat' dir='ltr'>d.</span> <span class='ocrx_word' id='word_1_44' title='bbox 134 948 237 1006; x_wconf 94' lang='lat' dir='ltr'>Poloni</span> <span class='ocrx_word' id='word_1_45' title='bbox 257 949 308 1006; x_wconf 90' lang='lat' dir='ltr'>illa</span> <span class='ocrx_word' id='word_1_46' title='bbox 329 947 508 1008; x_wconf 78' lang='lat' dir='ltr'>consessione</span> <span class='ocrx_word' id='word_1_47' title='bbox 529 949 645 1008; x_wconf 89' lang='lat' dir='ltr'>deserta</span> <span class='ocrx_word' id='word_1_48' title='bbox 665 949 825 1022; x_wconf 80' lang='lat' dir='ltr'>adjungant</span> <span class='ocrx_word' id='word_1_49' title='bbox 846 965 876 1008; x_wconf 88' lang='lat' dir='ltr'>se</span> <span class='ocrx_word' id='word_1_50' title='bbox 897 949 1089 1022; x_wconf 80' lang='lat' dir='ltr'>Zuingliauae.</span> 
     </span>
    </p>

    <p class='ocr_par' dir='ltr' id='par_1_3' title="bbox 42 1053 1180 2068">
     <span class='ocr_line' id='line_1_7' title="bbox 108 1053 1178 1128; baseline 0.005 -18"><span class='ocrx_word' id='word_1_51' title='bbox 108 1053 174 1110; x_wconf 79' lang='lat' dir='ltr'>uaeo</span> <span class='ocrx_word' id='word_1_52' title='bbox 195 1055 242 1124; x_wconf 84' lang='lat' dir='ltr'>egi</span> <span class='ocrx_word' id='word_1_53' title='bbox 263 1053 341 1124; x_wconf 90' lang='lat' dir='ltr'>apud</span> <span class='ocrx_word' id='word_1_54' title='bbox 362 1053 437 1112; x_wconf 90' lang='lat' dir='ltr'>huno</span> <span class='ocrx_word' id='word_1_55' title='bbox 458 1056 597 1126; x_wconf 90' lang='lat' dir='ltr'>optimum</span> <span class='ocrx_word' id='word_1_56' title='bbox 617 1071 725 1128; x_wconf 83' lang='lat' dir='ltr'>regern,</span> <span class='ocrx_word' id='word_1_57' title='bbox 748 1055 797 1128; x_wconf 88' lang='lat' dir='ltr'>qni</span> <span class='ocrx_word' id='word_1_58' title='bbox 818 1055 1039 1114; x_wconf 89' lang='lat' dir='ltr'>clementissime</span> <span class='ocrx_word' id='word_1_59' title='bbox 1061 1072 1106 1114; x_wconf 88' lang='lat' dir='ltr'>me</span> <span class='ocrx_word' id='word_1_60' title='bbox 1128 1072 1178 1114; x_wconf 85' lang='lat' dir='ltr'>eu·</span> 
     </span>
     <span class='ocr_line' id='line_1_8' title="bbox 48 1155 1179 1232; baseline 0.004 -18"><span class='ocrx_word' id='word_1_61' title='bbox 48 1157 103 1214; x_wconf 84' lang='lat' dir='ltr'>divit</span> <span class='ocrx_word' id='word_1_62' title='bbox 119 1157 268 1229; x_wconf 87' lang='lat' dir='ltr'>multaque</span> <span class='ocrx_word' id='word_1_63' title='bbox 284 1172 394 1214; x_wconf 89' lang='lat' dir='ltr'>meeum</span> <span class='ocrx_word' id='word_1_64' title='bbox 410 1158 541 1226; x_wconf 85' lang='lat' dir='ltr'>contulit,</span> <span class='ocrx_word' id='word_1_65' title='bbox 563 1174 627 1232; x_wconf 77' lang='lat' dir='ltr'>quae</span> <span class='ocrx_word' id='word_1_66' title='bbox 642 1157 678 1215; x_wconf 89' lang='lat' dir='ltr'>ad</span> <span class='ocrx_word' id='word_1_67' title='bbox 695 1155 918 1230; x_wconf 78' lang='lat' dir='ltr'>promovendam</span> <span class='ocrx_word' id='word_1_68' title='bbox 931 1175 1027 1218; x_wconf 87' lang='lat' dir='ltr'>rerem</span> <span class='ocrx_word' id='word_1_69' title='bbox 1041 1160 1179 1232; x_wconf 90' lang='lat' dir='ltr'>pietatem</span> 
     </span>
     <span class='ocr_line' id='line_1_9' title="bbox 46 1263 1179 1336; baseline 0.004 -18"><span class='ocrx_word' id='word_1_70' title='bbox 46 1263 176 1331; x_wconf 83' lang='lat' dir='ltr'>pertinent</span> <span class='ocrx_word' id='word_1_71' title='bbox 198 1266 288 1334; x_wconf 85' lang='lat' dir='ltr'>atque</span> <span class='ocrx_word' id='word_1_72' title='bbox 309 1277 344 1318; x_wconf 88' lang='lat' dir='ltr'>ea</span> <span class='ocrx_word' id='word_1_73' title='bbox 364 1278 459 1320; x_wconf 89' lang='lat' dir='ltr'>eoram</span> <span class='ocrx_word' id='word_1_74' title='bbox 481 1279 498 1319; x_wconf 88' lang='lat' dir='ltr'>a</span> <span class='ocrx_word' id='word_1_75' title='bbox 519 1280 564 1322; x_wconf 84' lang='lat' dir='ltr'>me</span> <span class='ocrx_word' id='word_1_76' title='bbox 586 1263 727 1322; x_wconf 90' lang='lat' dir='ltr'>dicentur.</span> <span class='ocrx_word' id='word_1_77' title='bbox 768 1263 801 1320; x_wconf 93' lang='lat' dir='ltr'>Id</span> <span class='ocrx_word' id='word_1_78' title='bbox 824 1279 898 1322; x_wconf 93' lang='lat' dir='ltr'>nunc</span> <span class='ocrx_word' id='word_1_79' title='bbox 918 1266 1078 1336; x_wconf 64' lang='lat' dir='ltr'>praemitto,</span> <span class='ocrx_word' id='word_1_80' title='bbox 1100 1280 1179 1322; x_wconf 90' lang='lat' dir='ltr'>suam</span> 
     </span>
     <span class='ocr_line' id='line_1_10' title="bbox 43 1365 1179 1442; baseline 0.004 -20"><span class='ocrx_word' id='word_1_81' title='bbox 43 1367 133 1438; x_wconf 82' lang='lat' dir='ltr'>regiam</span> <span class='ocrx_word' id='word_1_82' title='bbox 148 1365 349 1425; x_wconf 84' lang='lat' dir='ltr'>celsitudinem</span> <span class='ocrx_word' id='word_1_83' title='bbox 365 1382 427 1424; x_wconf 89' lang='lat' dir='ltr'>esse</span> <span class='ocrx_word' id='word_1_84' title='bbox 441 1369 501 1439; x_wconf 89' lang='lat' dir='ltr'>jam</span> <span class='ocrx_word' id='word_1_85' title='bbox 516 1383 633 1440; x_wconf 88' lang='lat' dir='ltr'>prorsus</span> <span class='ocrx_word' id='word_1_86' title='bbox 645 1368 802 1426; x_wconf 88' lang='lat' dir='ltr'>radicatam</span> <span class='ocrx_word' id='word_1_87' title='bbox 817 1368 847 1424; x_wconf 94' lang='lat' dir='ltr'>in</span> <span class='ocrx_word' id='word_1_88' title='bbox 857 1384 926 1428; x_wconf 83' lang='lat' dir='ltr'>vera</span> <span class='ocrx_word' id='word_1_89' title='bbox 936 1369 1054 1442; x_wconf 87' lang='lat' dir='ltr'>pietate,</span> <span class='ocrx_word' id='word_1_90' title='bbox 1076 1369 1179 1428; x_wconf 89' lang='lat' dir='ltr'>ardere</span> 
     </span>
     <span class='ocr_line' id='line_1_11' title="bbox 43 1469 1180 1547; baseline 0.005 -21"><span class='ocrx_word' id='word_1_91' title='bbox 43 1487 124 1528; x_wconf 86' lang='lat' dir='ltr'>amore</span> <span class='ocrx_word' id='word_1_92' title='bbox 143 1471 215 1528; x_wconf 84' lang='lat' dir='ltr'>lesu</span> <span class='ocrx_word' id='word_1_93' title='bbox 236 1469 344 1528; x_wconf 80' lang='lat' dir='ltr'>Christi</span> <span class='ocrx_word' id='word_1_94' title='bbox 365 1479 394 1529; x_wconf 91' lang='lat' dir='ltr'>et</span> <span class='ocrx_word' id='word_1_95' title='bbox 415 1472 530 1530; x_wconf 89' lang='lat' dir='ltr'>minime</span> <span class='ocrx_word' id='word_1_96' title='bbox 552 1479 718 1532; x_wconf 86' lang='lat' dir='ltr'>curaturam</span> <span class='ocrx_word' id='word_1_97' title='bbox 739 1489 864 1531; x_wconf 89' lang='lat' dir='ltr'>summas</span> <span class='ocrx_word' id='word_1_98' title='bbox 885 1472 1086 1547; x_wconf 81' lang='lat' dir='ltr'>difficultates,</span> <span class='ocrx_word' id='word_1_99' title='bbox 1109 1491 1180 1547; x_wconf 88' lang='lat' dir='ltr'>quas</span> 
     </span>
     <span class='ocr_line' id='line_1_12' title="bbox 42 1575 1179 1650; baseline 0.004 -18"><span class='ocrx_word' id='word_1_100' title='bbox 42 1575 112 1632; x_wconf 48' lang='lat' dir='ltr'>uvidae</span> <span class='ocrx_word' id='word_1_101' title='bbox 131 1592 184 1649; x_wconf 86' lang='lat' dir='ltr'>ego</span> <span class='ocrx_word' id='word_1_102' title='bbox 206 1575 250 1632; x_wconf 92' lang='lat' dir='ltr'>illi</span> <span class='ocrx_word' id='word_1_103' title='bbox 271 1591 334 1632; x_wconf 90' lang='lat' dir='ltr'>esse</span> <span class='ocrx_word' id='word_1_104' title='bbox 355 1577 533 1650; x_wconf 79' lang='lat' dir='ltr'>propositas,</span> <span class='ocrx_word' id='word_1_105' title='bbox 561 1577 629 1634; x_wconf 92' lang='lat' dir='ltr'>dum</span> <span class='ocrx_word' id='word_1_106' title='bbox 649 1577 740 1650; x_wconf 90' lang='lat' dir='ltr'>possit</span> <span class='ocrx_word' id='word_1_107' title='bbox 759 1593 931 1650; x_wconf 89' lang='lat' dir='ltr'>promovere</span> <span class='ocrx_word' id='word_1_108' title='bbox 952 1594 1049 1636; x_wconf 91' lang='lat' dir='ltr'>verum</span> <span class='ocrx_word' id='word_1_109' title='bbox 1070 1579 1179 1638; x_wconf 90' lang='lat' dir='ltr'>celtum</span> 
     </span>
     <span class='ocr_line' id='line_1_13' title="bbox 44 1679 1179 1756; baseline 0.004 -21"><span class='ocrx_word' id='word_1_110' title='bbox 44 1679 94 1736; x_wconf 76' lang='lat' dir='ltr'>liei.</span> <span class='ocrx_word' id='word_1_111' title='bbox 125 1679 202 1737; x_wconf 90' lang='lat' dir='ltr'>Illud</span> <span class='ocrx_word' id='word_1_112' title='bbox 223 1679 361 1751; x_wconf 81' lang='lat' dir='ltr'>imprimis</span> <span class='ocrx_word' id='word_1_113' title='bbox 380 1679 410 1738; x_wconf 91' lang='lat' dir='ltr'>in</span> <span class='ocrx_word' id='word_1_114' title='bbox 432 1697 484 1738; x_wconf 88' lang='lat' dir='ltr'>soa</span> <span class='ocrx_word' id='word_1_115' title='bbox 504 1680 662 1738; x_wconf 85' lang='lat' dir='ltr'>serenitate</span> <span class='ocrx_word' id='word_1_116' title='bbox 679 1680 866 1738; x_wconf 72' lang='lat' dir='ltr'>veliementer</span> <span class='ocrx_word' id='word_1_117' title='bbox 886 1680 982 1752; x_wconf 91' lang='lat' dir='ltr'>laudo,</span> <span class='ocrx_word' id='word_1_118' title='bbox 1004 1682 1080 1756; x_wconf 90' lang='lat' dir='ltr'>qnod</span> <span class='ocrx_word' id='word_1_119' title='bbox 1100 1683 1179 1740; x_wconf 87' lang='lat' dir='ltr'>solll-</span> 
     </span>
     <span class='ocr_line' id='line_1_14' title="bbox 44 1783 1180 1860; baseline 0.005 -22"><span class='ocrx_word' id='word_1_120' title='bbox 44 1783 115 1840; x_wconf 90' lang='lat' dir='ltr'>citum</span> <span class='ocrx_word' id='word_1_121' title='bbox 135 1785 229 1855; x_wconf 88' lang='lat' dir='ltr'>rideo,</span> <span class='ocrx_word' id='word_1_122' title='bbox 252 1791 283 1842; x_wconf 91' lang='lat' dir='ltr'>ut</span> <span class='ocrx_word' id='word_1_123' title='bbox 301 1785 482 1856; x_wconf 81' lang='lat' dir='ltr'>evangelium</span> <span class='ocrx_word' id='word_1_124' title='bbox 502 1785 597 1858; x_wconf 88' lang='lat' dir='ltr'>pariat</span> <span class='ocrx_word' id='word_1_125' title='bbox 618 1785 647 1842; x_wconf 94' lang='lat' dir='ltr'>in</span> <span class='ocrx_word' id='word_1_126' title='bbox 666 1785 749 1842; x_wconf 91' lang='lat' dir='ltr'>uobis</span> <span class='ocrx_word' id='word_1_127' title='bbox 764 1783 875 1844; x_wconf 86' lang='lat' dir='ltr'>fructus</span> <span class='ocrx_word' id='word_1_128' title='bbox 891 1785 993 1858; x_wconf 78' lang='lat' dir='ltr'>dignos</span> <span class='ocrx_word' id='word_1_129' title='bbox 1010 1786 1180 1860; x_wconf 87' lang='lat' dir='ltr'>poenitentia</span> 
     </span>
     <span class='ocr_line' id='line_1_15' title="bbox 43 1885 1179 1962; baseline 0.004 -20"><span class='ocrx_word' id='word_1_130' title='bbox 43 1904 179 1962; x_wconf 84' lang='lat' dir='ltr'>rerumque</span> <span class='ocrx_word' id='word_1_131' title='bbox 204 1888 269 1947; x_wconf 87' lang='lat' dir='ltr'>vitae</span> <span class='ocrx_word' id='word_1_132' title='bbox 291 1886 524 1946; x_wconf 85' lang='lat' dir='ltr'>reformationem</span> <span class='ocrx_word' id='word_1_133' title='bbox 546 1893 576 1946; x_wconf 89' lang='lat' dir='ltr'>et</span> <span class='ocrx_word' id='word_1_134' title='bbox 595 1885 860 1960; x_wconf 70' lang='lat' dir='ltr'>mortificationum</span> <span class='ocrx_word' id='word_1_135' title='bbox 882 1887 1025 1960; x_wconf 82' lang='lat' dir='ltr'>praeeipue</span> <span class='ocrx_word' id='word_1_136' title='bbox 1041 1903 1109 1946; x_wconf 83' lang='lat' dir='ltr'>vero</span> <span class='ocrx_word' id='word_1_137' title='bbox 1123 1889 1179 1946; x_wconf 91' lang='lat' dir='ltr'>sol-</span> 
     </span>
     <span class='ocr_line' id='line_1_16' title="bbox 43 1991 1180 2068; baseline 0.004 -20"><span class='ocrx_word' id='word_1_138' title='bbox 43 1993 133 2052; x_wconf 88' lang='lat' dir='ltr'>licitam</span> <span class='ocrx_word' id='word_1_139' title='bbox 153 1996 251 2066; x_wconf 90' lang='lat' dir='ltr'>video,</span> <span class='ocrx_word' id='word_1_140' title='bbox 274 2000 306 2053; x_wconf 91' lang='lat' dir='ltr'>ut</span> <span class='ocrx_word' id='word_1_141' title='bbox 325 1995 402 2052; x_wconf 90' lang='lat' dir='ltr'>inter</span> <span class='ocrx_word' id='word_1_142' title='bbox 421 1995 630 2054; x_wconf 90' lang='lat' dir='ltr'>illustrissimos</span> <span class='ocrx_word' id='word_1_143' title='bbox 651 1994 795 2068; x_wconf 87' lang='lat' dir='ltr'>principes</span> <span class='ocrx_word' id='word_1_144' title='bbox 815 1992 928 2066; x_wconf 89' lang='lat' dir='ltr'>imperii</span> <span class='ocrx_word' id='word_1_145' title='bbox 949 1991 1091 2050; x_wconf 89' lang='lat' dir='ltr'>sarciatur</span> <span class='ocrx_word' id='word_1_146' title='bbox 1111 2007 1180 2052; x_wconf 84' lang='lat' dir='ltr'>vere</span> 
     </span>
    </p>
   </div>
   <div class='ocr_carea' id='block_1_3' title="bbox 43 2083 1276 2170">
    <p class='ocr_par' dir='ltr' id='par_1_4' title="bbox 43 2083 1276 2170">
     <span class='ocr_line' id='line_1_17' title="bbox 43 2083 1276 2170; baseline 0.002 -19"><span class='ocrx_word' id='word_1_147' title='bbox 43 2098 181 2155; x_wconf 85' lang='lat' dir='ltr'>concordie</span> <span class='ocrx_word' id='word_1_148' title='bbox 202 2097 322 2154; x_wconf 86' lang='lat' dir='ltr'>sublatis</span> <span class='ocrx_word' id='word_1_149' title='bbox 335 2097 528 2155; x_wconf 80' lang='lat' dir='ltr'>simultatibus</span> <span class='ocrx_word' id='word_1_150' title='bbox 549 2104 635 2168; x_wconf 80' lang='lat' dir='ltr'>atque</span> <span class='ocrx_word' id='word_1_151' title='bbox 656 2097 739 2168; x_wconf 91' lang='lat' dir='ltr'>odiis,</span> <span class='ocrx_word' id='word_1_152' title='bbox 762 2113 832 2170; x_wconf 83' lang='lat' dir='ltr'>qnos</span> <span class='ocrx_word' id='word_1_153' title='bbox 853 2113 917 2154; x_wconf 89' lang='lat' dir='ltr'>esse</span> <span class='ocrx_word' id='word_1_154' title='bbox 938 2096 1127 2168; x_wconf 80' lang='lat' dir='ltr'>cogitationes</span> <span class='ocrx_word' id='word_1_155' title='bbox 1149 2103 1179 2154; x_wconf 90' lang='lat' dir='ltr'>et</span> <span class='ocrx_word' id='word_1_156' title='bbox 1268 2083 1276 2098; x_wconf 80' lang='grc'><strong>’</strong></span> 
     </span>
    </p>
   </div>
   <div class='ocr_carea' id='block_1_4' title="bbox 43 2199 1179 4155">
    <p class='ocr_par' dir='ltr' id='par_1_5' title="bbox 43 2199 1177 2377">
     <span class='ocr_line' id='line_1_18' title="bbox 43 2199 1177 2273; baseline 0.002 -19"><span class='ocrx_word' id='word_1_157' title='bbox 43 2217 110 2257; x_wconf 87' lang='lat' dir='ltr'>curas</span> <span class='ocrx_word' id='word_1_158' title='bbox 130 2202 233 2273; x_wconf 81' lang='lat' dir='ltr'>dignas</span> <span class='ocrx_word' id='word_1_159' title='bbox 255 2217 323 2259; x_wconf 92' lang='lat' dir='ltr'>vero</span> <span class='ocrx_word' id='word_1_160' title='bbox 344 2200 499 2258; x_wconf 85' lang='lat' dir='ltr'>clrristiano</span> <span class='ocrx_word' id='word_1_161' title='bbox 520 2215 606 2272; x_wconf 83' lang='lat' dir='ltr'>roge,</span> <span class='ocrx_word' id='word_1_162' title='bbox 628 2201 691 2272; x_wconf 89' lang='lat' dir='ltr'>quis</span> <span class='ocrx_word' id='word_1_163' title='bbox 713 2217 768 2258; x_wconf 93' lang='lat' dir='ltr'>non</span> <span class='ocrx_word' id='word_1_164' title='bbox 790 2199 891 2258; x_wconf 82' lang='lat' dir='ltr'>videt?</span> <span class='ocrx_word' id='word_1_165' title='bbox 932 2200 965 2256; x_wconf 95' lang='lat' dir='ltr'>ln</span> <span class='ocrx_word' id='word_1_166' title='bbox 985 2215 1095 2257; x_wconf 87' lang='lat' dir='ltr'>summe</span> <span class='ocrx_word' id='word_1_167' title='bbox 1115 2199 1177 2257; x_wconf 87' lang='lat' dir='ltr'>ani-</span> 
     </span>
     <span class='ocr_line' id='line_1_19' title="bbox 43 2303 753 2377; baseline 0.006 -18"><span class='ocrx_word' id='word_1_168' title='bbox 43 2306 176 2364; x_wconf 85' lang='lat' dir='ltr'>madverte</span> <span class='ocrx_word' id='word_1_169' title='bbox 198 2307 279 2364; x_wconf 92' lang='lat' dir='ltr'>illum</span> <span class='ocrx_word' id='word_1_170' title='bbox 301 2304 457 2377; x_wconf 81' lang='lat' dir='ltr'>gubernari</span> <span class='ocrx_word' id='word_1_171' title='bbox 477 2321 495 2361; x_wconf 90' lang='lat' dir='ltr'>a</span> <span class='ocrx_word' id='word_1_172' title='bbox 516 2303 624 2376; x_wconf 85' lang='lat' dir='ltr'>Spiritu</span> <span class='ocrx_word' id='word_1_173' title='bbox 645 2311 753 2363; x_wconf 88' lang='lat' dir='ltr'>sancto.</span> 
     </span>
    </p>

    <p class='ocr_par' dir='ltr' id='par_1_6' title="bbox 44 2407 1179 3946">
     <span class='ocr_line' id='line_1_20' title="bbox 106 2407 1178 2480; baseline -0.002 -14"><span class='ocrx_word' id='word_1_174' title='bbox 106 2410 134 2467; x_wconf 89' lang='lat' dir='ltr'>Si</span> <span class='ocrx_word' id='word_1_175' title='bbox 154 2413 261 2470; x_wconf 87' lang='lat' dir='ltr'>Vestra</span> <span class='ocrx_word' id='word_1_176' title='bbox 282 2409 431 2468; x_wconf 85' lang='lat' dir='ltr'>Celsitudo</span> <span class='ocrx_word' id='word_1_177' title='bbox 452 2407 526 2466; x_wconf 82' lang='lat' dir='ltr'>forte</span> <span class='ocrx_word' id='word_1_178' title='bbox 548 2408 619 2466; x_wconf 90' lang='lat' dir='ltr'>velit</span> <span class='ocrx_word' id='word_1_179' title='bbox 637 2408 821 2480; x_wconf 86' lang='lat' dir='ltr'>intelligere,</span> <span class='ocrx_word' id='word_1_180' title='bbox 850 2407 918 2480; x_wconf 89' lang='lat' dir='ltr'>qnid</span> <span class='ocrx_word' id='word_1_181' title='bbox 946 2408 1068 2465; x_wconf 87' lang='lat' dir='ltr'>sentiam</span> <span class='ocrx_word' id='word_1_182' title='bbox 1092 2423 1178 2480; x_wconf 91' lang='lat' dir='ltr'>porro</span> 
     </span>
     <span class='ocr_line' id='line_1_21' title="bbox 44 2510 1178 2586; baseline 0.001 -17"><span class='ocrx_word' id='word_1_183' title='bbox 44 2529 92 2571; x_wconf 90' lang='lat' dir='ltr'>esse</span> <span class='ocrx_word' id='word_1_184' title='bbox 110 2514 272 2573; x_wconf 84' lang='lat' dir='ltr'>iaciendum</span> <span class='ocrx_word' id='word_1_185' title='bbox 292 2514 321 2570; x_wconf 95' lang='lat' dir='ltr'>in</span> <span class='ocrx_word' id='word_1_186' title='bbox 342 2515 396 2571; x_wconf 85' lang='lat' dir='ltr'>lree</span> <span class='ocrx_word' id='word_1_187' title='bbox 416 2529 510 2583; x_wconf 88' lang='lat' dir='ltr'>causa,</span> <span class='ocrx_word' id='word_1_188' title='bbox 533 2529 619 2586; x_wconf 91' lang='lat' dir='ltr'>quum</span> <span class='ocrx_word' id='word_1_189' title='bbox 639 2513 668 2570; x_wconf 95' lang='lat' dir='ltr'>in</span> <span class='ocrx_word' id='word_1_190' title='bbox 690 2528 724 2570; x_wconf 88' lang='lat' dir='ltr'>ea</span> <span class='ocrx_word' id='word_1_191' title='bbox 746 2512 794 2570; x_wconf 88' lang='lat' dir='ltr'>diu</span> <span class='ocrx_word' id='word_1_192' title='bbox 816 2510 920 2570; x_wconf 85' lang='lat' dir='ltr'>fuerim</span> <span class='ocrx_word' id='word_1_193' title='bbox 941 2519 1071 2569; x_wconf 87' lang='lat' dir='ltr'>versatus</span> <span class='ocrx_word' id='word_1_194' title='bbox 1092 2512 1178 2570; x_wconf 86' lang='lat' dir='ltr'>hebe-</span> 
     </span>
     <span class='ocr_line' id='line_1_22' title="bbox 45 2616 1178 2691; baseline 0.001 -20"><span class='ocrx_word' id='word_1_195' title='bbox 45 2632 128 2691; x_wconf 88' lang='lat' dir='ltr'>nrnqne</span> <span class='ocrx_word' id='word_1_196' title='bbox 150 2617 230 2677; x_wconf 88' lang='lat' dir='ltr'>illam</span> <span class='ocrx_word' id='word_1_197' title='bbox 250 2619 319 2677; x_wconf 87' lang='lat' dir='ltr'>setis</span> <span class='ocrx_word' id='word_1_198' title='bbox 340 2623 536 2690; x_wconf 83' lang='lat' dir='ltr'>perspectam,</span> <span class='ocrx_word' id='word_1_199' title='bbox 562 2618 661 2689; x_wconf 89' lang='lat' dir='ltr'>paucis</span> <span class='ocrx_word' id='word_1_200' title='bbox 688 2617 789 2674; x_wconf 85' lang='lat' dir='ltr'>dicam.</span> <span class='ocrx_word' id='word_1_201' title='bbox 831 2617 901 2688; x_wconf 79' lang='lat' dir='ltr'>Quae</span> <span class='ocrx_word' id='word_1_202' title='bbox 927 2616 995 2672; x_wconf 86' lang='lat' dir='ltr'>milri</span> <span class='ocrx_word' id='word_1_203' title='bbox 1023 2616 1178 2687; x_wconf 85' lang='lat' dir='ltr'>rideretur,</span> 
     </span>
     <span class='ocr_line' id='line_1_23' title="bbox 49 2720 1178 2794; baseline 0.001 -19"><span class='ocrx_word' id='word_1_204' title='bbox 49 2720 162 2781; x_wconf 79' lang='lat' dir='ltr'>Vestram</span> <span class='ocrx_word' id='word_1_205' title='bbox 174 2722 383 2781; x_wconf 82' lang='lat' dir='ltr'>Celsitudinem</span> <span class='ocrx_word' id='word_1_206' title='bbox 399 2722 506 2780; x_wconf 87' lang='lat' dir='ltr'>debere</span> <span class='ocrx_word' id='word_1_207' title='bbox 523 2739 597 2780; x_wconf 90' lang='lat' dir='ltr'>nnnc</span> <span class='ocrx_word' id='word_1_208' title='bbox 619 2721 682 2779; x_wconf 84' lang='lat' dir='ltr'>curu</span> <span class='ocrx_word' id='word_1_209' title='bbox 703 2721 845 2794; x_wconf 85' lang='lat' dir='ltr'>aliquibus</span> <span class='ocrx_word' id='word_1_210' title='bbox 867 2738 902 2778; x_wconf 89' lang='lat' dir='ltr'>ex</span> <span class='ocrx_word' id='word_1_211' title='bbox 923 2720 1107 2794; x_wconf 88' lang='lat' dir='ltr'>principibus,</span> <span class='ocrx_word' id='word_1_212' title='bbox 1129 2721 1178 2793; x_wconf 92' lang='lat' dir='ltr'>qni</span> 
     </span>
     <span class='ocr_line' id='line_1_24' title="bbox 47 2823 1178 2898; baseline 0.002 -18"><span class='ocrx_word' id='word_1_213' title='bbox 47 2823 219 2884; x_wconf 79' lang='lat' dir='ltr'>Francfordia</span> <span class='ocrx_word' id='word_1_214' title='bbox 239 2825 330 2884; x_wconf 91' lang='lat' dir='ltr'>futuri</span> <span class='ocrx_word' id='word_1_215' title='bbox 343 2832 418 2897; x_wconf 92' lang='lat' dir='ltr'>sunt,</span> <span class='ocrx_word' id='word_1_216' title='bbox 440 2842 536 2898; x_wconf 82' lang='lat' dir='ltr'>agere,</span> <span class='ocrx_word' id='word_1_217' title='bbox 558 2825 657 2898; x_wconf 88' lang='lat' dir='ltr'>quanti</span> <span class='ocrx_word' id='word_1_218' title='bbox 676 2825 813 2882; x_wconf 87' lang='lat' dir='ltr'>momenti</span> <span class='ocrx_word' id='word_1_219' title='bbox 833 2825 947 2884; x_wconf 81' lang='lat' dir='ltr'>sitista</span> <span class='ocrx_word' id='word_1_220' title='bbox 967 2841 1062 2898; x_wconf 85' lang='lat' dir='ltr'>causa,</span> <span class='ocrx_word' id='word_1_221' title='bbox 1084 2825 1178 2883; x_wconf 90' lang='lat' dir='ltr'>decla-</span> 
     </span>
     <span class='ocr_line' id='line_1_25' title="bbox 44 2926 1177 3000; baseline 0 -16"><span class='ocrx_word' id='word_1_222' title='bbox 44 2945 104 2999; x_wconf 85' lang='lat' dir='ltr'>rare,</span> <span class='ocrx_word' id='word_1_223' title='bbox 125 2932 289 2990; x_wconf 86' lang='lat' dir='ltr'>deliberare</span> <span class='ocrx_word' id='word_1_224' title='bbox 315 2947 349 2988; x_wconf 87' lang='lat' dir='ltr'>eo</span> <span class='ocrx_word' id='word_1_225' title='bbox 375 2934 518 3000; x_wconf 87' lang='lat' dir='ltr'>statuero,</span> <span class='ocrx_word' id='word_1_226' title='bbox 546 2944 582 2986; x_wconf 89' lang='lat' dir='ltr'>an</span> <span class='ocrx_word' id='word_1_227' title='bbox 610 2927 718 2999; x_wconf 80' lang='lat' dir='ltr'>legatio</span> <span class='ocrx_word' id='word_1_228' title='bbox 743 2927 781 2984; x_wconf 90' lang='lat' dir='ltr'>sit</span> <span class='ocrx_word' id='word_1_229' title='bbox 808 2927 837 2984; x_wconf 87' lang='lat' dir='ltr'>in</span> <span class='ocrx_word' id='word_1_230' title='bbox 858 2927 1006 2984; x_wconf 87' lang='lat' dir='ltr'>Poloniem</span> <span class='ocrx_word' id='word_1_231' title='bbox 1027 2926 1177 2985; x_wconf 88' lang='lat' dir='ltr'>mittenda.</span> 
     </span>
     <span class='ocr_line' id='line_1_26' title="bbox 45 3029 1177 3094; baseline 0.001 -7"><span class='ocrx_word' id='word_1_232' title='bbox 45 3029 68 3088; x_wconf 83' lang='lat' dir='ltr'>Si</span> <span class='ocrx_word' id='word_1_233' title='bbox 77 3036 268 3094; x_wconf 83' lang='lat' dir='ltr'>corrsenserint</span> <span class='ocrx_word' id='word_1_234' title='bbox 284 3041 315 3094; x_wconf 92' lang='lat' dir='ltr'>et</span> <span class='ocrx_word' id='word_1_235' title='bbox 325 3032 523 3093; x_wconf 90' lang='lat' dir='ltr'>serenissimus</span> <span class='ocrx_word' id='word_1_236' title='bbox 533 3031 679 3090; x_wconf 82' lang='lat' dir='ltr'>Bolremiae</span> <span class='ocrx_word' id='word_1_237' title='bbox 696 3049 748 3088; x_wconf 85' lang='lat' dir='ltr'>rex</span> <span class='ocrx_word' id='word_1_238' title='bbox 761 3032 796 3088; x_wconf 91' lang='lat' dir='ltr'>de</span> <span class='ocrx_word' id='word_1_239' title='bbox 809 3048 907 3090; x_wconf 89' lang='lat' dir='ltr'>eorum</span> <span class='ocrx_word' id='word_1_240' title='bbox 918 3031 1105 3090; x_wconf 91' lang='lat' dir='ltr'>consensione</span> <span class='ocrx_word' id='word_1_241' title='bbox 1116 3047 1177 3088; x_wconf 92' lang='lat' dir='ltr'>cer-</span> 
     </span>
     <span class='ocr_line' id='line_1_27' title="bbox 45 3135 1178 3212; baseline 0 -20"><span class='ocrx_word' id='word_1_242' title='bbox 45 3138 91 3196; x_wconf 89' lang='lat' dir='ltr'>tior</span> <span class='ocrx_word' id='word_1_243' title='bbox 109 3139 200 3198; x_wconf 88' lang='lat' dir='ltr'>lactus</span> <span class='ocrx_word' id='word_1_244' title='bbox 220 3139 325 3212; x_wconf 81' lang='lat' dir='ltr'>fuerit,</span> <span class='ocrx_word' id='word_1_245' title='bbox 348 3158 403 3198; x_wconf 93' lang='lat' dir='ltr'>non</span> <span class='ocrx_word' id='word_1_246' title='bbox 425 3144 469 3196; x_wconf 89' lang='lat' dir='ltr'>est</span> <span class='ocrx_word' id='word_1_247' title='bbox 490 3138 622 3202; x_wconf 81' lang='lat' dir='ltr'>dubium,</span> <span class='ocrx_word' id='word_1_248' title='bbox 651 3137 719 3210; x_wconf 85' lang='lat' dir='ltr'>quin</span> <span class='ocrx_word' id='word_1_249' title='bbox 740 3153 792 3194; x_wconf 85' lang='lat' dir='ltr'>sua</span> <span class='ocrx_word' id='word_1_250' title='bbox 813 3136 953 3194; x_wconf 86' lang='lat' dir='ltr'>serenitas</span> <span class='ocrx_word' id='word_1_251' title='bbox 975 3135 1068 3207; x_wconf 82' lang='lat' dir='ltr'>regia,</span> <span class='ocrx_word' id='word_1_252' title='bbox 1091 3135 1178 3193; x_wconf 87' lang='lat' dir='ltr'>etiarn</span> 
     </span>
     <span class='ocr_line' id='line_1_28' title="bbox 44 3240 1178 3318; baseline 0 -22"><span class='ocrx_word' id='word_1_253' title='bbox 44 3240 171 3314; x_wconf 81' lang='lat' dir='ltr'>legatione</span> <span class='ocrx_word' id='word_1_254' title='bbox 192 3246 288 3318; x_wconf 86' lang='lat' dir='ltr'>pelam</span> <span class='ocrx_word' id='word_1_255' title='bbox 307 3245 402 3312; x_wconf 86' lang='lat' dir='ltr'>missa,</span> <span class='ocrx_word' id='word_1_256' title='bbox 424 3244 461 3300; x_wconf 92' lang='lat' dir='ltr'>sit</span> <span class='ocrx_word' id='word_1_257' title='bbox 480 3243 617 3314; x_wconf 84' lang='lat' dir='ltr'>juraturo</span> <span class='ocrx_word' id='word_1_258' title='bbox 638 3241 711 3298; x_wconf 89' lang='lat' dir='ltr'>lrnnc</span> <span class='ocrx_word' id='word_1_259' title='bbox 731 3257 845 3298; x_wconf 84' lang='lat' dir='ltr'>cansam</span> <span class='ocrx_word' id='word_1_260' title='bbox 861 3246 946 3313; x_wconf 87' lang='lat' dir='ltr'>etque</span> <span class='ocrx_word' id='word_1_261' title='bbox 960 3240 1072 3297; x_wconf 86' lang='lat' dir='ltr'>interea</span> <span class='ocrx_word' id='word_1_262' title='bbox 1091 3241 1178 3298; x_wconf 90' lang='lat' dir='ltr'>etiam</span> 
     </span>
     <span class='ocr_line' id='line_1_29' title="bbox 45 3341 1178 3422; baseline -0.003 -22"><span class='ocrx_word' id='word_1_263' title='bbox 45 3363 89 3404; x_wconf 92' lang='lat' dir='ltr'>non</span> <span class='ocrx_word' id='word_1_264' title='bbox 108 3349 217 3408; x_wconf 85' lang='lat' dir='ltr'>desistit</span> <span class='ocrx_word' id='word_1_265' title='bbox 234 3351 338 3422; x_wconf 88' lang='lat' dir='ltr'>juvare</span> <span class='ocrx_word' id='word_1_266' title='bbox 360 3347 425 3405; x_wconf 85' lang='lat' dir='ltr'>aliis</span> <span class='ocrx_word' id='word_1_267' title='bbox 445 3345 619 3416; x_wconf 85' lang='lat' dir='ltr'>1·ntionibus;</span> <span class='ocrx_word' id='word_1_268' title='bbox 647 3344 706 3402; x_wconf 89' lang='lat' dir='ltr'>scio</span> <span class='ocrx_word' id='word_1_269' title='bbox 727 3345 811 3416; x_wconf 91' lang='lat' dir='ltr'>enim,</span> <span class='ocrx_word' id='word_1_270' title='bbox 833 3341 869 3400; x_wconf 90' lang='lat' dir='ltr'>ad</span> <span class='ocrx_word' id='word_1_271' title='bbox 890 3343 1048 3414; x_wconf 88' lang='lat' dir='ltr'>palatinum</span> <span class='ocrx_word' id='word_1_272' title='bbox 1059 3341 1178 3399; x_wconf 90' lang='lat' dir='ltr'>Vilnen·</span> 
     </span>
     <span class='ocr_line' id='line_1_30' title="bbox 45 3446 1175 3524; baseline 0 -20"><span class='ocrx_word' id='word_1_273' title='bbox 45 3454 144 3512; x_wconf 86' lang='lat' dir='ltr'>sende</span> <span class='ocrx_word' id='word_1_274' title='bbox 165 3471 200 3512; x_wconf 85' lang='lat' dir='ltr'>ea</span> <span class='ocrx_word' id='word_1_275' title='bbox 221 3458 356 3512; x_wconf 85' lang='lat' dir='ltr'>accurate</span> <span class='ocrx_word' id='word_1_276' title='bbox 377 3451 523 3522; x_wconf 86' lang='lat' dir='ltr'>scripsisse</span> <span class='ocrx_word' id='word_1_277' title='bbox 544 3465 638 3524; x_wconf 87' lang='lat' dir='ltr'>neque</span> <span class='ocrx_word' id='word_1_278' title='bbox 660 3446 842 3520; x_wconf 87' lang='lat' dir='ltr'>defuturum,</span> <span class='ocrx_word' id='word_1_279' title='bbox 873 3463 1043 3520; x_wconf 88' lang='lat' dir='ltr'>quacunque</span> <span class='ocrx_word' id='word_1_280' title='bbox 1063 3446 1175 3504; x_wconf 86' lang='lat' dir='ltr'>ratione</span> 
     </span>
     <span class='ocr_line' id='line_1_31' title="bbox 46 3549 1177 3633; baseline -0.004 -20"><span class='ocrx_word' id='word_1_281' title='bbox 46 3559 144 3626; x_wconf 86' lang='lat' dir='ltr'>poterit.</span> <span class='ocrx_word' id='word_1_282' title='bbox 190 3561 254 3633; x_wconf 83' lang='lat' dir='ltr'>Ego</span> <span class='ocrx_word' id='word_1_283' title='bbox 280 3560 346 3618; x_wconf 90' lang='lat' dir='ltr'>hinc</span> <span class='ocrx_word' id='word_1_284' title='bbox 373 3565 453 3616; x_wconf 90' lang='lat' dir='ltr'>reeta</span> <span class='ocrx_word' id='word_1_285' title='bbox 483 3574 528 3614; x_wconf 90' lang='lat' dir='ltr'>mo</span> <span class='ocrx_word' id='word_1_286' title='bbox 558 3555 587 3612; x_wconf 88' lang='lat' dir='ltr'>in</span> <span class='ocrx_word' id='word_1_287' title='bbox 615 3553 764 3612; x_wconf 85' lang='lat' dir='ltr'>Poloniarn</span> <span class='ocrx_word' id='word_1_288' title='bbox 792 3549 995 3618; x_wconf 89' lang='lat' dir='ltr'>contulissem,</span> <span class='ocrx_word' id='word_1_289' title='bbox 1027 3555 1114 3623; x_wconf 89' lang='lat' dir='ltr'>atque</span> <span class='ocrx_word' id='word_1_290' title='bbox 1143 3567 1177 3608; x_wconf 90' lang='lat' dir='ltr'>eo</span> 
     </span>
     <span class='ocr_line' id='line_1_32' title="bbox 46 3655 1179 3732; baseline -0.004 -15"><span class='ocrx_word' id='word_1_291' title='bbox 46 3676 145 3729; x_wconf 82' lang='lat' dir='ltr'>promus</span> <span class='ocrx_word' id='word_1_292' title='bbox 159 3666 253 3723; x_wconf 81' lang='lat' dir='ltr'>animo</span> <span class='ocrx_word' id='word_1_293' title='bbox 265 3664 405 3723; x_wconf 87' lang='lat' dir='ltr'>Viennam</span> <span class='ocrx_word' id='word_1_294' title='bbox 420 3662 635 3732; x_wconf 86' lang='lat' dir='ltr'>descenderem,</span> <span class='ocrx_word' id='word_1_295' title='bbox 658 3661 708 3718; x_wconf 87' lang='lat' dir='ltr'>sed</span> <span class='ocrx_word' id='word_1_296' title='bbox 731 3675 787 3716; x_wconf 92' lang='lat' dir='ltr'>non</span> <span class='ocrx_word' id='word_1_297' title='bbox 809 3656 896 3715; x_wconf 91' lang='lat' dir='ltr'>debui</span> <span class='ocrx_word' id='word_1_298' title='bbox 916 3657 944 3713; x_wconf 93' lang='lat' dir='ltr'>in</span> <span class='ocrx_word' id='word_1_299' title='bbox 966 3655 1038 3712; x_wconf 92' lang='lat' dir='ltr'>illud</span> <span class='ocrx_word' id='word_1_300' title='bbox 1058 3672 1179 3728; x_wconf 80' lang='lat' dir='ltr'>rognum</span> 
     </span>
     <span class='ocr_line' id='line_1_33' title="bbox 47 3747 1177 3843; baseline -0.002 -23"><span class='ocrx_word' id='word_1_301' title='bbox 47 3765 97 3824; x_wconf 88' lang='lat' dir='ltr'>sine</span> <span class='ocrx_word' id='word_1_302' title='bbox 114 3770 214 3843; x_wconf 84' lang='lat' dir='ltr'>glypeo</span> <span class='ocrx_word' id='word_1_303' title='bbox 235 3770 360 3842; x_wconf 85' lang='lat' dir='ltr'>alicujus</span> <span class='ocrx_word' id='word_1_304' title='bbox 380 3747 538 3840; x_wconf 84' lang='lat' dir='ltr'>legationis¹</span> <span class='ocrx_word' id='word_1_305' title='bbox 553 3772 640 3839; x_wconf 90' lang='lat' dir='ltr'>atque</span> <span class='ocrx_word' id='word_1_306' title='bbox 662 3765 776 3823; x_wconf 91' lang='lat' dir='ltr'>omnino</span> <span class='ocrx_word' id='word_1_307' title='bbox 797 3762 927 3833; x_wconf 85' lang='lat' dir='ltr'>privatus</span> <span class='ocrx_word' id='word_1_308' title='bbox 955 3761 1085 3832; x_wconf 76' lang='lat' dir='ltr'>ingredi,</span> <span class='ocrx_word' id='word_1_309' title='bbox 1114 3778 1177 3818; x_wconf 84' lang='lat' dir='ltr'>rrum</span> 
     </span>
     <span class='ocr_line' id='line_1_34' title="bbox 47 3862 1138 3946; baseline -0.005 -22"><span class='ocrx_word' id='word_1_310' title='bbox 47 3885 166 3930; x_wconf 87' lang='lat' dir='ltr'>summurn</span> <span class='ocrx_word' id='word_1_311' title='bbox 185 3873 345 3946; x_wconf 91' lang='lat' dir='ltr'>pericnlum</span> <span class='ocrx_word' id='word_1_312' title='bbox 365 3871 475 3942; x_wconf 87' lang='lat' dir='ltr'>fuisset,</span> <span class='ocrx_word' id='word_1_313' title='bbox 497 3886 533 3928; x_wconf 86' lang='lat' dir='ltr'>ne</span> <span class='ocrx_word' id='word_1_314' title='bbox 554 3873 687 3940; x_wconf 89' lang='lat' dir='ltr'>potentes</span> <span class='ocrx_word' id='word_1_315' title='bbox 708 3865 834 3936; x_wconf 89' lang='lat' dir='ltr'>Papistee</span> <span class='ocrx_word' id='word_1_316' title='bbox 852 3879 898 3920; x_wconf 89' lang='lat' dir='ltr'>me</span> <span class='ocrx_word' id='word_1_317' title='bbox 919 3862 1138 3936; x_wconf 88' lang='lat' dir='ltr'>oppressissent.</span> 
     </span>
    </p>

    <p class='ocr_par' dir='ltr' id='par_1_7' title="bbox 49 3967 1178 4155">
     <span class='ocr_line' id='line_1_35' title="bbox 111 3967 1177 4042; baseline -0.01 -8"><span class='ocrx_word' id='word_1_318' title='bbox 111 3978 222 4038; x_wconf 82' lang='lat' dir='ltr'>Interea</span> <span class='ocrx_word' id='word_1_319' title='bbox 242 3978 326 4038; x_wconf 85' lang='lat' dir='ltr'>amici</span> <span class='ocrx_word' id='word_1_320' title='bbox 345 3978 412 4035; x_wconf 91' lang='lat' dir='ltr'>inde</span> <span class='ocrx_word' id='word_1_321' title='bbox 433 3976 471 4034; x_wconf 87' lang='lat' dir='ltr'>ad</span> <span class='ocrx_word' id='word_1_322' title='bbox 492 3992 536 4034; x_wconf 89' lang='lat' dir='ltr'>rne</span> <span class='ocrx_word' id='word_1_323' title='bbox 557 3972 695 4042; x_wconf 92' lang='lat' dir='ltr'>scribunt,</span> <span class='ocrx_word' id='word_1_324' title='bbox 718 3970 745 4027; x_wconf 89' lang='lat' dir='ltr'>d.</span> <span class='ocrx_word' id='word_1_325' title='bbox 767 3987 784 4027; x_wconf 89' lang='lat' dir='ltr'>a</span> <span class='ocrx_word' id='word_1_326' title='bbox 804 3967 938 4026; x_wconf 82' lang='lat' dir='ltr'>Laselro¹</span> <span class='ocrx_word' id='word_1_327' title='bbox 960 3985 1016 4024; x_wconf 93' lang='lat' dir='ltr'>non</span> <span class='ocrx_word' id='word_1_328' title='bbox 1037 3967 1177 4025; x_wconf 90' lang='lat' dir='ltr'>desistere</span> 
     </span>
     <span class='ocr_line' id='line_1_36' title="bbox 49 4075 1178 4155; baseline -0.01 -14"><span class='ocrx_word' id='word_1_329' title='bbox 49 4093 144 4154; x_wconf 74' lang='lat' dir='ltr'>urgere,</span> <span class='ocrx_word' id='word_1_330' title='bbox 164 4091 196 4142; x_wconf 90' lang='lat' dir='ltr'>ut</span> <span class='ocrx_word' id='word_1_331' title='bbox 216 4083 358 4142; x_wconf 86' lang='lat' dir='ltr'>confessio</span> <span class='ocrx_word' id='word_1_332' title='bbox 379 4082 564 4155; x_wconf 82' lang='lat' dir='ltr'>Zningliann,</span> <span class='ocrx_word' id='word_1_333' title='bbox 587 4081 681 4152; x_wconf 87' lang='lat' dir='ltr'>ejecta</span> <span class='ocrx_word' id='word_1_334' title='bbox 700 4075 887 4135; x_wconf 88' lang='lat' dir='ltr'>Valdensium</span> <span class='ocrx_word' id='word_1_335' title='bbox 907 4079 993 4146; x_wconf 88' lang='lat' dir='ltr'>atque</span> <span class='ocrx_word' id='word_1_336' title='bbox 1015 4078 1178 4142; x_wconf 86' lang='lat' dir='ltr'>contempte</span> 
     </span>
    </p>
   </div>
   <div class='ocr_carea' id='block_1_5' title="bbox 49 4176 1177 4338">
    <p class='ocr_par' dir='ltr' id='par_1_8' title="bbox 49 4176 1177 4338">
     <span class='ocr_line' id='line_1_37' title="bbox 49 4176 1177 4262; baseline -0.01 -17"><span class='ocrx_word' id='word_1_337' title='bbox 49 4185 207 4262; x_wconf 79' lang='lat' dir='ltr'>degustans,</span> <span class='ocrx_word' id='word_1_338' title='bbox 228 4188 264 4247; x_wconf 88' lang='lat' dir='ltr'>ab</span> <span class='ocrx_word' id='word_1_339' title='bbox 286 4186 419 4247; x_wconf 88' lang='lat' dir='ltr'>universo</span> <span class='ocrx_word' id='word_1_340' title='bbox 441 4203 531 4258; x_wconf 80' lang='lat' dir='ltr'>regno</span> <span class='ocrx_word' id='word_1_341' title='bbox 557 4183 738 4255; x_wconf 88' lang='lat' dir='ltr'>suscipiatur.</span> <span class='ocrx_word' id='word_1_342' title='bbox 778 4180 888 4237; x_wconf 89' lang='lat' dir='ltr'>Multos</span> <span class='ocrx_word' id='word_1_343' title='bbox 915 4178 976 4249; x_wconf 87' lang='lat' dir='ltr'>jam</span> <span class='ocrx_word' id='word_1_344' title='bbox 1002 4176 1177 4236; x_wconf 88' lang='lat' dir='ltr'>consensisse</span> 
     </span>
     <span class='ocr_line' id='line_1_38' title="bbox 593 4304 608 4338; baseline 0 0"><span class='ocrx_word' id='word_1_345' title='bbox 593 4304 608 4338; x_wconf 72' lang='lat' dir='ltr'>ss</span> 
     </span>
    </p>
   </div>
   <div class='ocr_carea' id='block_1_6' title="bbox 109 4400 325 4458">
    <p class='ocr_par' dir='ltr' id='par_1_9' title="bbox 109 4400 325 4458">
     <span class='ocr_line' id='line_1_39' title="bbox 109 4400 325 4458; baseline 0.023 -7"><span class='ocrx_word' id='word_1_346' title='bbox 109 4400 325 4458; x_wconf 51' lang='lat' dir='ltr'>ldmmst</span> 
     </span>
    </p>
   </div>
   <div class='ocr_carea' id='block_1_7' title="bbox 0 0 1423 5078">
    <p class='ocr_par' dir='ltr' id='par_1_10' title="bbox 0 0 1423 5078">
     <span class='ocr_line' id='line_1_40' title="bbox 0 0 1423 5078; baseline 0 0"><span class='ocrx_word' id='word_1_347' title='bbox 0 0 1423 5078; x_wconf 95' lang='lat' dir='ltr'> </span> 
     </span>
    </p>
   </div>
  </div>
 </body>
</html>
