2852 5076
778 365 819 424 78
1303 361 1361 416 1555

224 534 254 608 bi
277 531 333 592 duo
354 541 441 606 agunt
462 533 498 592 de
520 549 590 606 pace
612 532 687 606 apud
708 531 832 604 Papam,
852 531 882 590 in
903 531 1042 590 Flandria
1063 548 1130 590 reru
1150 533 1261 592 nullum
1281 535 1317 593 de
1336 551 1363 592 ea

146 645 149 650 '
226 655 288 698 esse
309 644 474 697 tractatum.
507 637 642 710 Quaesivi,
663 653 699 694 an
722 643 820 710 speret
840 635 965 695 laturam
983 638 1194 710 ipsamparem,
1210 639 1362 711 respondit:
1418 708 1419 719 J

225 761 279 816 ego
300 741 414 815 quidem
436 743 483 800 vix
504 757 604 815 spero,
634 741 700 814 quia
727 741 814 798 animi
843 741 912 798 mlld
940 741 1074 800 videntur
1094 743 1178 799 nimis
1199 743 1363 802 exacerbati.

224 845 288 920 Ego
309 862 377 906 vero
399 847 525 905 arbitror
545 845 672 904 futuram
682 845 700 904 ¹.

303 949 449 1022 Quaesivi,
480 967 517 1008 un
539 955 711 1022 conquestus
733 945 821 1008 fuerit
845 951 960 1007 nomine
990 965 1050 1006 suae
1076 950 1264 1021 reipublicae,
1295 951 1362 1023 quod

225 1055 323 1114 Caesar
343 1061 445 1114 eontra
469 1053 554 1113 fidem
574 1055 741 1128 promissam
767 1053 881 1111 dederit
902 1051 1035 1125 Philippo
1063 1051 1122 1110 lilio
1152 1053 1287 1113 ducatum
1310 1053 1364 1112 Me-

225 1157 342 1228 diolani,
363 1152 520 1228 respondit,
541 1155 745 1229 rempublicam
755 1155 895 1214 Venetam
909 1171 1061 1227 nonposse
1078 1155 1199 1215 laudare
1221 1157 1364 1232 quaerelan

225 1277 321 1331 suam,
352 1259 419 1332 quia
446 1259 496 1317 illa
516 1259 667 1332 promissio
688 1275 746 1316 non
770 1256 824 1316 luit
849 1260 969 1330 scripta,
1001 1259 1052 1318 sed
1073 1259 1218 1318 Gasarem
1238 1267 1364 1319 oretenus

226 1369 338 1425 tantum
360 1365 465 1422 dixisse
478 1363 582 1422 similia
593 1362 698 1421 verba:
720 1362 785 1420 Non
798 1360 872 1420 dabo
884 1363 954 1420 mels
965 1368 995 1419 et
1005 1362 1131 1443 noluisse
1146 1370 1177 1421 ut
1192 1364 1247 1423 bne
1256 1363 1365 1422 deberet

227 1468 331 1528 relerri
351 1469 428 1526 inter
448 1473 540 1539 pacta.
583 1467 646 1538 Quo
667 1465 782 1526 numine
804 1481 878 1524 nune
898 1465 1149 1539 reprehenduntur
1169 1474 1304 1539 tanquam
1324 1485 1364 1526 ne·

230 1573 372 1646 gligentes
394 1571 450 1629 duo
471 1577 602 1630 oratores
623 1571 737 1635 Veneti,
759 1571 807 1642 qui
829 1569 951 1643 Neapoli
972 1572 1119 1642 negotium
1140 1579 1310 1654 tract-arunt.

307 1675 370 1733 Non
393 1681 438 1733 est
457 1673 507 1745 ita,
530 1679 562 1731 ut
582 1673 681 1732 eoribit
700 1673 750 1731 ille
771 1689 806 1731 ex
827 1673 913 1731 Italia
927 1674 956 1731 in
973 1673 1087 1746 litteris,
1108 1691 1180 1747 quas
1191 1675 1295 1734 Vestra
1310 1674 1364 1732 (lle-

229 1779 338 1838 mentia
359 1795 450 1851 nuper
470 1778 539 1835 mibi
560 1777 648 1836 dabat
668 1777 815 1850 legendas,
838 1777 914 1850 quod
935 1777 1000 1848 ille,
1031 1780 1080 1851 qui
1101 1778 1223 1837 baberet
1242 1779 1364 1838 ducatum

227 1883 401 1954 Mediolani,
431 1899 486 1940 nou
508 1882 628 1942 deberet
649 1881 756 1940 babere
777 1899 896 1954 regnum
918 1881 1049 1955 Neapoli.
1091 1881 1148 1940 Sed
1168 1885 1313 1956 negotium
1332 1883 1364 1940 sie
1420 1941 1421 1980 J

227 1985 330 2046 habet:
371 1987 490 2046 Nullum
511 2003 647 2044 oaesarem
667 2001 750 2058 posse
772 1986 902 2044 obtinere
924 2001 1042 2056 regnum
1064 1985 1302 2059 Neapolitanum,
1321 1987 1364 2044 sed
1419 1983 1421 2072 J

229 2092 405 2152 Clementem
428 2091 602 2165 septimum’
622 2092 803 2164 dispensasse
825 2107 888 2149 eum
910 2091 1013 2150 Carula
1029 2090 1145 2163 Quinto,
1168 2093 1235 2150 dum
1258 2090 1364 2164 siugulis

227 2197 311 2255 annis
338 2197 465 2255 solveret
492 2211 541 2254 sex
571 2195 650 2255 mille
678 2203 887 2254 coronatarum.
929 2196 1031 2267 ltaque
1057 2194 1123 2254 illos
1142 2195 1292 2269 Philippus
1317 2211 1364 2252 uon
1419 2185 1420 2188 '

229 2303 332 2373 solvet,
354 2302 422 2374 quia
443 2317 498 2359 non
519 2306 563 2358 est
584 2317 682 2358 eaesar.

311 2405 434 2476 Quaesivi
455 2405 492 2462 de
512 2405 698 2463 Ferdiuando
720 2403 856 2475 Gonzaga
869 2401 893 2470 ³,
923 2403 1006 2474 euius
1034 2419 1119 2460 eausa
1145 2406 1174 2460 in
1203 2403 1278 2462 malo
1299 2409 1363 2462 statu

231 2517 293 2582 est,
325 2517 355 2567 et
382 2523 526 2582 nunquam
554 2507 609 2566 fuit
639 2509 803 2576 deteriore,
836 2507 984 2580 uurrjeulns
1006 2513 1050 2565 est
1070 2523 1162 2578 nuper
1182 2508 1210 2564 iu
1232 2522 1363 2568 carcerem

231 2613 390 2686 Bruxellle;
413 2611 560 2685 Funginus
581 2615 644 2686 ejus
665 2613 757 2671 locum
780 2619 890 2682 tenuas,
912 2610 1113 2669 attrebatensis
1142 2618 1170 2669 et
1189 2613 1246 2670 dux
1268 2611 1364 2670 Suban-

231 2715 310 2775 diae⁴
329 2719 421 2791 ipsum
443 2717 607 2789 Gorrzagam
628 2718 750 2788 pessime
771 2717 893 2775 aderunt
916 2721 946 2774 et
965 2721 1065 2789 aperte
1087 2713 1272 2792 intentantur,
1293 2716 1363 2772 deni-

230 2839 285 2896 qne
307 2829 459 2880 accusatur
478 2839 535 2880 non
556 2821 650 2889 modo,
672 2821 748 2894 quod
769 2822 870 2893 uiginti
891 2826 1011 2878 centena
1032 2820 1122 2878 millia
1143 2821 1292 2894 expilarit,
1321 2818 1363 2876 sed

230 2927 306 2998 quod
328 2927 422 2998 egerit
450 2925 485 2984 de
513 2927 679 2999 occupando
707 2939 760 2998 pro
786 2941 816 2982 se
844 2927 905 2996 ipso
932 2925 1037 2983 ducatu
1058 2924 1278 2984 Mediolanensi.
1316 2924 1363 2982 Le-

221 3020 316 3102 'gatus
343 3031 438 3087 omnia
468 3031 529 3088 lmee
558 3031 676 3088 rescivit
705 3029 741 3086 ab
768 3031 828 3102 ipso
851 3028 1035 3086 Ferdinando
1062 3035 1091 3086 et
1117 3030 1153 3086 ab
1179 3029 1361 3092 Atrebatensi,

232 3137 288 3192 imo
310 3133 390 3191 addit
411 3133 625 3191 Ferdiuandum
647 3135 774 3206 cogitare
794 3132 899 3206 lugam,
922 3141 951 3190 et..
973 3132 1077 3190 dixisse
1098 3134 1211 3205 legato,
1233 3151 1263 3191 se
1283 3132 1363 3190 Vene-

234 3240 291 3295 tiae
311 3237 384 3294 uelle
406 3236 458 3295 ire.

312 3341 356 3400 De
377 3340 483 3412 Anglia
503 3339 553 3409 ait,
575 3339 647 3397 nibil
674 3357 735 3400 esse
757 3348 851 3400 aetum
872 3339 902 3398 in
924 3342 1102 3414 par-lamento
1124 3341 1159 3399 de
1182 3339 1363 3403 coronatione,

234 3444 286 3503 sed
308 3450 418 3503 tantum
441 3443 476 3503 de
498 3442 664 3516 recipienda
692 3443 858 3504 obedientia
882 3450 1021 3517 papatus,
1050 3461 1113 3516 qnae
1141 3443 1239 3519 (unico
1266 3449 1360 3502 tantun

798 3576 812 3607 *

303 3681 315 3732 l
336 3678 433 3732 Zusata
453 3693 505 3731 rou
527 3678 641 3750 Verger.

301 3769 316 3819 2
337 3765 464 3820 Clemens
484 3766 542 3828 VII,
562 3769 647 3836 papst
668 3767 733 3820 1:323
752 3767 795 3820 bis
816 3768 891 3821 1534.

304 3852 320 3904 3
339 3851 484 3906 Fernando
503 3854 644 3924 Gonaegu,
664 3854 732 3909 seha
752 3871 806 3910 von
826 3855 974 3925 Markgrul'
990 3855 1079 3910 Naana
1097 3872 1150 3909 aron
1170 3855 1291 3918 Mantua,
1308 3849 1360 3920 geb-

233 3939 308 3996 1507.
346 3937 531 3995 Kaiserlieher
550 3941 715 3996 statbhalter
733 3943 763 3996 in
784 3942 929 4004 Meiland,
957 3944 1024 3997 1555
1050 3941 1221 4006 abberufen,
1250 3959 1291 3994 nm
1311 3935 1360 3990 sith

231 4041 329 4092 wegen
349 4024 438 4079 seines
456 4026 618 4082 verbaltens
636 4027 666 4081 in
684 4028 786 4083 Idalien
807 4047 839 4081 zu
858 4027 1077 4097 reobtlertigen,
1102 4029 1198 4082 wurde
1221 4043 1290 4081 aurat
1306 4019 1359 4075 lrei·

232 4112 418 4181 gesproeheu,
447 4115 516 4168 eber
535 4115 614 4168 nieht
632 4115 712 4169 mehr
730 4115 760 4168 iu
779 4118 838 4170 sein
857 4118 918 4169 amb
936 4116 1096 4186 eingesetat.
1133 4119 1149 4181 †
1170 4117 1202 4168 15
1220 4107 1359 4168 November

233 4200 299 4252 1557
319 4199 349 4253 in
366 4201 489 4264 Briisse13
507 4219 528 4254 s.
541 4201 647 4268 sanae,
668 4202 840 4258 rtet-Genti.
859 4205 891 4267 V,
911 4205 970 4257 315.
991 4203 1056 4272 Vgl.
1076 4203 1117 4258 br.
1136 4221 1162 4255 n.
1182 4203 1223 4255 28.

301 4289 318 4338 4
336 4285 475 4360 Philibert
494 4289 636 4356 Emanrrel,
658 4309 677 4344 s.
698 4291 739 4344 br.
759 4307 786 4344 n.
807 4291 831 4342 4.
852 4291 892 4346 21.
