2830 5078
1303 353 1351 408 leot

313 526 392 584 Inter
412 527 470 585 ulia
489 526 657 600 ostendam,
684 527 761 602 quod
788 529 816 584 iu
839 527 992 600 privilegio
1013 527 1192 586 Ferdinandi
1215 524 1319 588 Cesaris
1334 533 1353 586 ci

235 633 311 704 regis
331 632 487 704 Hungariee
507 633 586 691 Belae
607 633 685 692 nulla
705 649 823 707 prorsus
843 631 876 691 fit
896 633 1004 692 mentio
1025 633 1061 692 de
1083 632 1167 691 Scala
1196 649 1318 692 1111111111
1333 635 1353 690 ir

235 736 355 808 insigni,
382 735 426 794 ita
446 745 479 796 ut
496 738 552 796 iste
573 739 672 810 procul
694 737 781 796 dubio
803 736 971 810 adjnnxerit
992 753 1067 796 nnnc
1088 755 1124 826 ex
1144 754 1197 796 suo
1220 737 1303 810 capite
1324 754 1354 794 se-

223 846 316 904 cutus
336 857 435 898 sonum
460 843 544 912 vocis,
566 849 598 899 ut
619 841 696 913 diri,
718 841 769 900 sed
791 841 910 899 verbum
931 841 1046 900 Skaliclr
1066 842 1096 898 io
1116 841 1279 914 Huugarico
1297 840 1355 898 aliud

235 950 368 1018 putarem
389 945 549 1018 significare
571 961 655 1018 quam
676 942 760 1003 Scala
779 946 810 1004 in
830 944 936 1013 latino,
964 945 1014 1022 sed
1036 946 1059 1001 si
1080 943 1157 1002 idem
1179 951 1298 1014 sonaret,
1315 962 1355 1002 nor
1400 930 1404 955 '

235 1050 312 1108 valet
332 1050 547 1122 consequentia,
568 1055 601 1108 ut
620 1050 649 1106 in
671 1049 776 1108 litteris
798 1049 864 1106 dixi.

311 1155 372 1212 Imo
393 1154 485 1214 dicam
505 1154 640 1227 amplius,
673 1153 747 1228 quod
776 1155 805 1211 in
828 1154 939 1212 duobus
965 1155 1124 1226 privilegiis
1143 1153 1225 1210 Belsc
1252 1155 1318 1228 regis
1338 1161 1357 1211 11
1401 1031 1408 1239 J

233 1259 411 1318 Ferdinandi
432 1257 553 1318 Caesaris
575 1259 683 1318 nullum
705 1275 821 1331 prorsus
842 1259 879 1316 sit
901 1275 1004 1318 nomen
1026 1258 1062 1318 de
1083 1258 1226 1316 baronatu
1249 1265 1277 1317 et
1294 1258 1357 1318 comi·
1404 1284 1405 1310 1

232 1370 304 1433 tatu,
325 1379 409 1437 quern
422 1361 579 1422 Scaliclrius
597 1364 698 1435 jactat,
720 1362 771 1420 sed
792 1365 874 1435 aJunt
895 1362 1055 1436 privilegia,
1078 1363 1200 1420 donatas
1221 1361 1305 1422 fnisse
1321 1379 1358 1435 pro
1403 1441 1404 1444 Ἴ

204 1482 209 1491 ’
234 1465 375 1526 famulitio
396 1465 533 1538 quasdam
555 1472 648 1524 tersus
669 1465 854 1524 Bartclomeo
875 1466 988 1524 cuidam
1009 1466 1141 1538 Skalich,
1167 1484 1226 1526 nou
1248 1484 1310 1540 orgo
1327 1484 1358 1527 co·
1402 1499 1405 1530 1

235 1571 353 1628 milatus
373 1576 404 1627 et
423 1570 596 1640 baronutus3
628 1577 658 1628 11
688 1570 711 1627 si
742 1577 819 1628 esset
846 1572 955 1628 mentio
981 1569 1137 1630 baruncius
1164 1578 1195 1628 et
1225 1572 1359 1640 conlatus,

239 1679 317 1731 esset
338 1671 478 1732 Scalichio
499 1672 647 1744 probanda
667 1673 824 1741 successio,
846 1671 923 1744 qnod
944 1673 979 1730 ab
1001 1689 1035 1730 eo
1056 1675 1246 1734 Bartolomeo
1266 1676 1359 1734 descen·
1407 1683 1408 1716 ³

237 1778 295 1834 det.
337 1777 412 1834 Puto
434 1782 522 1848 certe,
543 1777 712 1837 Scalichium
733 1777 846 1848 ridere,
879 1777 955 1850 quod
983 1783 1041 1836 tarn
1061 1777 1145 1836 facile
1167 1780 1359 1847 crediderimus,
1402 1817 1408 1842 „

235 1881 312 1956 quod
342 1882 381 1939 sit
410 1897 504 1940 comes
535 1888 565 1938 et
592 1880 672 1938 baro.
724 1879 754 1938 Si
780 1881 865 1940 aliam
896 1881 1128 1941 informationem
1157 1885 1204 1942 rel
1238 1883 1360 1943 Celsitudo
1403 1881 1408 1936 l

238 1985 342 2044 Vestra
363 1985 407 2043 vel
429 1985 535 2044 domini
556 1986 710 2044 consiliarii
731 2003 748 2044 a
767 2001 813 2042 me
835 1985 992 2056 voluerint,
1024 1985 1149 2044 libenter
1177 1987 1266 2054 dabo,
1295 1986 1360 2060 siqui·
1407 1996 1408 2032 ³

233 2089 297 2148 dem
319 2095 445 2163 petatur,
467 2089 552 2148 simul
572 2107 635 2149 conr
656 2091 794 2162 magistro
816 2091 995 2164 Gangolphq
1017 2095 1133 2163 pastore
1155 2091 1185 2149 in
1207 2092 1310 2163 Lusno,
1327 2092 1362 2164 qui
1407 2104 1408 2138 ³

235 2198 279 2250 cst
299 2193 370 2250 satis
389 2195 546 2252 instructus
566 2193 595 2250 in
616 2193 671 2250 hac
691 2209 786 2252 cause.

388 2296 594 2355 illustrissimae
616 2297 801 2358 celsitudinis
823 2299 934 2357 Vestrae
960 2299 1229 2358 observantissimus

1136 2401 1302 2475 Vergerius.
1407 2441 1408 2454 ,

772 2663 835 2718 101.

537 2793 662 2878 Verger
685 2813 726 2856 an
751 2792 869 2878 herzog
894 2790 1076 2876 christoph.

583 2923 735 2996 Tilbingen
756 2926 773 2981 5
794 2923 920 2982 October
944 2926 1027 2982 1560.

303 3042 397 3099 Bietet
415 3043 509 3115 eimige
527 3043 673 3098 zobelielle
700 3045 763 3098 dem
790 3045 892 3115 herzog
915 3063 960 3100 an.
997 3044 1189 3100 Nachrichlen
1215 3045 1284 3100 iiber
1307 3045 1367 3098 scine

233 3139 407 3208 gesundhsit.

311 3237 506 3297 illustrissime
528 3238 665 3312 Princeps
687 3245 716 3298 et
737 3239 858 3299 Domine
880 3243 1002 3300 Domine
1024 3237 1270 3299 Clementissimcl

313 3339 384 3398 (lum
403 3340 553 3400 rediissem
575 3359 666 3414 nuper
687 3359 721 3401 ex
733 3343 878 3416 Lituania,
894 3344 997 3404 Vestra
1017 3344 1214 3403 illustrissima
1234 3341 1368 3402 celsitudo

232 3445 328 3512 potest
347 3441 526 3514 meminisse,
548 3451 581 3503 ut
602 3452 647 3504 est
667 3447 910 3516 prestantissimae
930 3449 1090 3520 memoriae,
1112 3465 1163 3506 ine·
1178 3449 1221 3506 illi
1241 3447 1368 3506 obtulisse

229 3545 340 3618 aliquot
359 3545 451 3620 pelles
472 3547 630 3620 zibellinas,
652 3566 722 3622 quas
747 3550 883 3609 libentius
903 3552 991 3610 etiam
1013 3551 1173 3622 donassem,
1195 3569 1279 3626 quarm
1300 3549 1369 3610 credi

229 3647 327 3718 possit.
368 3649 472 3708 Vestra
498 3656 594 3708 autem
624 3649 772 3710 Celsitudo
804 3653 864 3711 risa
894 3660 937 3712 est
968 3655 1037 3712 mihi
1064 3657 1122 3714 suis
1150 3657 1243 3715 verbis
1272 3653 1368 3728 signifi·

229 3767 305 3820 care,
327 3767 357 3810 se
379 3768 435 3810 non
456 3752 564 3812 habere
588 3769 673 3826 opns3
696 3756 804 3812 retinui
825 3771 907 3828 ergo,
929 3762 958 3812 et
978 3771 1042 3814 oum
1063 3747 1228 3830 nuperrime
1246 3757 1369 3814 audirem

228 3853 340 3914 loturos
360 3856 443 3914 ludos
464 3859 650 3932 Stotgardiae,
672 3861 736 3918 misi
757 3877 845 3918 unum
867 3877 903 3920 ex
923 3861 1009 3933 meis,
1031 3862 1129 3933 quiin
1151 3878 1186 3920 ea
1205 3860 1368 3934 frequentia,

230 3977 293 4033 quse
313 3963 493 4034 sperabatur,
515 3963 678 4036 praesertim
700 3964 870 4038 principum,
892 3965 976 4024 daret
995 3981 1127 4038 operam,
1149 3967 1173 4023 si
1191 3967 1264 4038 ipsas
1285 3965 1368 4038 pelles

228 4063 385 4122 divendere
406 4067 556 4138 potuisset.
595 4066 690 4138 Quare
711 4067 828 4126 rediens
848 4069 967 4127 nuntius
987 4085 1069 4127 meus
1089 4070 1170 4144 dixit,
1192 4087 1221 4128 se
1240 4070 1366 4128 incidisse

227 4170 256 4228 iu
277 4169 409 4242 aliquem,
431 4171 479 4243 qui
500 4170 578 4242 ipsas
597 4171 689 4245 pelles
710 4171 747 4228 ad
766 4172 900 4230 Vestram
916 4171 1123 4232 celsitudinem
1147 4174 1289 4242 detulerit,
1310 4187 1366 4245 qua

228 4273 314 4330 etiam
332 4275 390 4332 250
407 4272 532 4333 florenos
545 4277 698 4349 obtulerit;
721 4293 801 4336 meus
815 4293 912 4352 nepos,
932 4270 997 4337 cum
1010 4297 1103 4339 meam
1118 4283 1290 4340 voluntatem
1303 4293 1366 4350 erga

227 4378 361 4438 Vestram
383 4378 589 4440 Celsitudincm
610 4383 858 4457 propensissimam
879 4385 1005 4446 nesciret
1019 4385 1190 4460 nullumque
1210 4385 1364 4442 mandatum
