2862 5080
64 391 124 446 1563
599 395 661 458 373

131 564 329 624 illustrissime
351 565 490 638 Princeps
511 573 541 625 et
562 567 685 626 Domine
707 565 829 624 Domine
850 565 1094 627 Clementissimel

132 669 252 728 absolvi
273 669 340 743 (per
361 669 417 730 Dei
438 671 579 748 gratiam)
600 687 664 745 quae
684 671 867 730 institueram
888 675 990 730 eontra
1011 673 1142 732 ltalieum
1162 681 1204 734 at·

60 791 111 848 que
131 791 198 832 eum
226 776 381 848 pessimum
409 776 514 836 librum
529 775 546 834 ¹.
589 775 732 836 Constitui
760 776 860 836 venire
887 783 1002 848 egomet
1029 784 1060 837 et
1086 795 1149 837 oum
1177 779 1204 838 d.

59 878 177 938 Brentio
198 878 331 940 conferre
352 879 502 955 (qnantum
523 887 635 954 potero,
657 899 722 941 oum
744 887 825 941 tanta
845 882 882 940 ait
901 881 1008 954 linguae
1029 882 1203 959 diversitas),

58 984 105 1044 sed
127 984 201 1042 nihil
221 983 301 1042 aliud
323 999 368 1042 me
389 985 506 1058 retinet,
528 986 583 1044 nisi
605 985 681 1059 quod
702 987 834 1060 pessimae
855 985 913 1044 sint
933 987 1002 1056 viae,
1032 985 1135 1060 quibus
1158 1003 1204 1046 me

59 1089 193 1162 expedire
223 1105 287 1148 meo
314 1105 400 1148 curru
426 1089 474 1148 vix
501 1107 624 1164 possem.
669 1089 853 1162 Exspectaho
881 1090 1105 1164 aliquantisper,
1137 1092 1205 1150 dum

58 1195 148 1252 minus
170 1193 333 1252 deteriores
353 1191 425 1254 fiant
445 1202 475 1254 et
495 1197 592 1254 statim
614 1195 727 1256 veniam
748 1195 785 1272 (si
807 1195 1032 1255 dominusDous
1053 1213 1135 1256 meus
1155 1213 1204 1256 vo·

58 1297 169 1376 luerit).
707 1351 712 1359 .

133 1404 331 1462 Illustrissime
348 1405 503 1479 Princeps:
525 1413 557 1464 ut
569 1405 674 1466 Vestra
690 1405 885 1466 Illustrissima
898 1405 1046 1468 Celsitudo
1067 1423 1127 1466 rem
1147 1423 1207 1466 me·

59 1509 113 1566 lius
134 1508 227 1582 possit
246 1513 381 1580 gustare,
409 1511 498 1568 totins
518 1511 611 1570 Italici
632 1511 699 1570 libri
721 1513 873 1584 epitomem
894 1514 1063 1585 conscripsi,
1088 1513 1143 1573 hoo
1163 1521 1209 1574 est

57 1609 301 1668 abbreviationem
316 1625 411 1668 rerum
427 1613 643 1686 praecipuarum,
662 1631 748 1674 unam
761 1622 883 1689 partem,
905 1617 959 1675 hoc
974 1623 1018 1677 est
1034 1624 1208 1692 postremam

59 1715 151 1773 mitto.
193 1714 272 1786 Soio,
304 1715 407 1773 librum
433 1733 486 1790 per
506 1717 619 1778 ltaliam
646 1721 776 1780 volitare.
818 1722 872 1793 Qui
901 1727 997 1782 autem
1029 1723 1208 1783 animadver-

60 1822 158 1891 terint,
180 1820 387 1880 illustrissimos
408 1823 570 1882 Germaniae
591 1827 735 1898 principes
755 1843 838 1898 posse
860 1825 946 1898 ferre,
968 1834 1119 1886 uteorum
1140 1829 1206 1887 doo-

60 1927 137 1982 lrina
158 1925 299 1992 coelestis,
321 1931 352 1984 ut
374 1942 472 1984 eorum
494 1926 606 1986 divinus
627 1927 716 1986 Peter
736 1945 801 1987 oum
821 1929 890 1987 Jesu
912 1928 1027 1987 Christo
1049 1934 1079 1986 et
1099 1929 1209 2002 Spiritu

57 2036 155 2088 saneto
176 2036 237 2088 tam
257 2031 363 2089 acriter
379 2030 602 2103 blasphemetur,
619 2049 687 2090 sanc
700 2032 888 2091 mirabuntur.
920 2032 983 2105 Ego
999 2032 1206 2092 illustrissimae

57 2132 231 2192 Celsitudini
249 2135 362 2193 Vestrae
380 2152 415 2194 ex
436 2137 530 2195 animo
551 2137 689 2210 supplico,
712 2154 747 2194 ne
768 2136 897 2209 praebeat
918 2136 1009 2196 ltaliae
1030 2137 1088 2196 tale
1111 2153 1206 2196 exem·

56 2239 144 2310 plum.
186 2239 249 2311 Ego
270 2238 359 2316 (quod
380 2239 417 2298 ad
438 2255 483 2296 me
504 2239 621 2315 attinet)
651 2239 786 2298 devoravi
815 2246 845 2298 et
870 2239 977 2311 pertuli
1005 2237 1133 2298 laborem
1154 2237 1206 2298 ali-

57 2351 127 2416 quot
148 2345 314 2418 septimanis
335 2351 365 2404 et
386 2343 530 2403 mensibus
552 2349 732 2417 perpetuum.
774 2344 876 2419 (Novit
895 2345 1051 2415 Dominus,
1080 2359 1135 2416 quo
1163 2345 1206 2402 in·

55 2451 205 2510 commodo
225 2465 298 2508 meaa
320 2449 506 2520 valetudinis,
536 2465 600 2523 quae
622 2455 665 2508 est
685 2449 769 2507 valde
796 2449 972 2525 imbecillis.)
1014 2449 1084 2509 Feci
1108 2449 1206 2522 igitur,

56 2557 134 2630 quod
154 2557 236 2631 potui
257 2555 322 2632 (pro
342 2571 407 2613 mea
419 2554 608 2630 conditione),
630 2554 743 2628 reliqna
763 2553 894 2626 perficiat
914 2553 1059 2626 piissimus
1076 2553 1208 2627 princeps

55 2660 329 2734 Wirtembergmos,
351 2661 445 2734 quoad
466 2662 685 2735 typographiam
705 2661 817 2734 loquor.
858 2660 931 2718 Nam
952 2667 1054 2731 postea
1074 2661 1143 2718 mihi
1163 2662 1206 2718 iu·

55 2767 171 2826 cumbet
192 2783 265 2824 onus
285 2783 338 2840 per
359 2766 472 2826 ltaliam
493 2767 662 2840 spargendi,
685 2767 762 2840 quod
784 2772 880 2825 tamen
903 2781 957 2823 neo
975 2763 1060 2823 facile
1080 2763 1127 2836 ht,
1154 2781 1207 2824 nec

55 2870 118 2926 sine
132 2873 256 2941 sumptu.
289 2867 346 2926 Sed
366 2870 419 2927 hoo
438 2870 468 2926 in
489 2885 534 2927 me
555 2869 663 2941 recipio
684 2869 893 2929 incommodum
917 2869 1027 2928 soilioet
1047 2875 1078 2929 et
1096 2869 1207 2928 nullum

55 2974 169 3032 omnino
191 2975 313 3032 luorum.
1229 2967 1237 2980 “

136 3078 166 3138 Si
188 3093 273 3151 quam
294 3095 418 3151 unquam
447 3093 559 3136 oaumm
582 3078 695 3137 Vestrae
716 3078 919 3138 Illustriesimae
941 3078 1112 3139 Celsitudini
1131 3095 1206 3138 oom-

55 3183 199 3253 mendavi,
220 3182 295 3240 hano
315 3181 533 3256 diligentissime
556 3183 724 3242 commendo
744 3185 774 3242 in
795 3183 867 3242 Jesu
887 3183 1012 3244 Christo.

135 3283 264 3347 Portabo
285 3305 396 3346 mecum
417 3289 543 3361 reliquas
564 3288 637 3347 duas
656 3294 755 3362 partes
776 3287 1016 3362 abbreviationis,
1038 3305 1113 3347 nuno
1135 3287 1209 3346 hanc
1263 3323 1269 3336 ι

55 3395 149 3466 ipsam
168 3392 346 3464 commendo,
367 3408 425 3452 nou
446 3401 479 3450 ut
499 3409 600 3465 meam,
622 3392 674 3450 sed
695 3393 764 3452 Jesu
789 3391 895 3450 Christi
916 3409 1041 3450 oausam.

137 3498 282 3557 Fortassis
309 3495 372 3555 fieri
399 3503 514 3570 posset,
547 3503 579 3555 ut
607 3499 753 3556 mitterem
780 3513 858 3557 nuno
883 3499 1045 3570 quempiam
1073 3513 1109 3556 ex
1138 3499 1210 3556 meis

57 3601 272 3676 Stutgardiam,
305 3602 352 3674 qui
380 3597 554 3674 pecrrniarn²
579 3605 759 3672 reportaret,
791 3599 883 3660 habeo
912 3602 987 3660 enim
1009 3618 1081 3676 opus
1101 3600 1207 3688 (Deum

56 3706 173 3782 testor).

139 3809 314 3870 Commendo
339 3829 384 3870 me
411 3817 579 3871 reverenter
607 3812 946 3872 illustrissimae‘Vestrae
974 3813 1096 3882 Pietati,
1128 3811 1208 3870 Deus

56 3916 105 3974 illi
124 3923 229 3990 augeat
249 3932 316 3975 suos
338 3915 450 3975 divinos
479 3919 646 3989 thesauros,
674 3917 807 3990 spiritum
835 3921 865 3975 et
885 3915 971 3976 fidem
991 3931 1044 3988 per
1064 3915 1209 3974 Christum

57 4021 205 4080 dominum
226 4026 367 4079 nostrum.

140 4127 253 4193 Audivi,
276 4143 340 4198 quae
361 4126 522 4200 reportavit
542 4123 583 4182 M.
600 4123 742 4198 Georgius
755 4122 943 4200 Weigeliusi,
965 4122 1012 4198 qui
1035 4140 1071 4182 ex
1090 4121 1208 4183 Prussia

134 4275 192 4328 IS.
215 4293 243 4328 rr.
264 4275 321 4329 152.
624 4230 640 4266 ἦ

132 4364 148 4416 2
165 4363 192 4418 S.
210 4381 239 4416 n.
260 4363 319 4417 170.
422 4381 424 4388 ’

133 4451 192 4508 38.
211 4469 238 4505 n.
260 4450 317 4510 170.
