2862 5080
753 347 815 408 378
1129 391 1132 398 ,
1285 342 1345 398 1563

206 517 286 574 Deus
307 517 423 590 inquam
443 517 593 589 rependat,
616 531 740 590 suosque
762 515 920 586 thesauros,
942 515 1074 589 spiritum
1097 522 1128 574 et
1152 516 1237 575 fidem
1253 525 1346 590 augeat

206 638 258 694 per
280 619 424 679 Christum
446 621 593 680 dominnm
613 627 752 680 nostrum.
795 620 972 679 Commendo
1000 637 1044 678 mc
1065 621 1271 681 illustrissimae
1290 621 1345 682 Oai·

205 726 447 786 situdiniVestroe
467 732 645 787 reverenter.
680 725 736 786 Ubi
757 744 821 786 cum
842 727 869 785 d.
893 725 1013 786 Brentio
1035 728 1195 799 contulero,
1216 727 1344 787 advolabo

205 828 364 890 confestim.

284 935 422 1008 Tuhingaa
442 933 482 992 VI
503 933 656 994 Februarii
681 937 763 992 1563.

436 1038 641 1100 Illustrissimae
663 1039 851 1102 celsitudinis
871 1041 984 1101 Vestrae
1004 1044 1128 1102 servitor

1108 1147 1278 1221 Vergerius.

752 1411 816 1466 176.

511 1538 636 1624 Verger
659 1561 702 1602 an
725 1537 843 1623 herzog
867 1537 1051 1622 Christoph.

570 1667 719 1741 Ttbingeu
744 1671 778 1726 19
799 1669 880 1728 Mara
904 1670 987 1728 1503.

281 1773 355 1841 Uber
372 1786 448 1842 scine
467 1786 654 1842 litterarische
680 1785 853 1860 thittigkeit,
883 1788 1010 1843 wiinscht
1035 1791 1109 1844 nach
1128 1789 1292 1846 Fraukreieh
1313 1807 1337 1840 nn

206 1871 307 1954 gahch.

289 1980 485 2041 illustrissime
508 1981 645 2056 Princeps
666 1988 696 2040 ct
716 1982 839 2042 Domine
860 1983 982 2041 Domine
1004 1983 1246 2043 clementissime!

287 2085 380 2147 Decet
400 2087 555 2148 servitores
575 2087 701 2147 scribere
729 2088 766 2147 ad
787 2105 853 2148 snos
875 2088 1005 2147 dominos
1026 2105 1084 2146 non
1105 2087 1210 2160 modo,
1239 2085 1337 2162 quando

202 2207 273 2263 opus
295 2189 411 2260 habent,
433 2191 509 2265 qnod
530 2207 584 2264 ego
605 2191 747 2251 hactenus
768 2197 937 2252 reverenter
958 2192 1027 2264 feci,
1049 2193 1099 2252 sed
1121 2191 1336 2260 decetscribere‚

204 2295 291 2354 etiam
313 2295 337 2354 si
358 2311 429 2367 opus
450 2313 507 2355 non
528 2295 649 2368 habent,
680 2297 921 2372 quemadmodum
949 2313 1003 2371 ego
1034 2315 1109 2356 nunc
1130 2297 1213 2357 facio.
1252 2297 1337 2357 Scribo
1421 2375 1422 2380 ἵ

203 2402 281 2458 enirn
302 2400 461 2474 dumtaxat,
483 2408 515 2461 ut
535 2401 788 2462 commonefaciam
810 2403 846 2462 de
866 2419 931 2462 meo
951 2407 1039 2462 statu.
1072 2403 1163 2462 Valeo
1184 2404 1276 2476 itaque
1292 2416 1336 2474 per

202 2505 258 2564 Dei
279 2504 496 2579 benignitatem,
518 2514 548 2564 st
568 2505 660 2564 veluti
679 2505 809 2564 miraculi
830 2505 893 2564 loco
915 2507 1007 2578 valeo,
1027 2513 1061 2565 ut
1081 2506 1205 2564 serviam
1225 2503 1336 2564 ecclesia

201 2609 273 2669 lesu
289 2609 405 2684 Christi,
426 2612 643 2686 qualiscumque
664 2611 726 2669 eim.
759 2612 913 2684 Nunquam
932 2609 974 2668 fui
994 2611 1083 2684 magis
1107 2612 1138 2668 in
1153 2609 1335 2670 antichristum
1420 2675 1421 2684 ,

201 2716 358 2787 animatus,
380 2732 469 2790 qnare
492 2716 691 2789 consequitur,
715 2733 760 2774 me
781 2732 926 2789 nunqnam
947 2715 1035 2775 inisse
1056 2718 1147 2789 magis
1169 2715 1276 2774 Christo
1293 2711 1335 2770 ad·

202 2819 309 2878 dictum
331 2821 397 2898 (per
419 2823 481 2895 ejus
502 2822 624 2894 gratiam
647 2829 677 2881 ct
704 2821 954 2900 misericordiam).
995 2819 1106 2880 Studeo
1127 2817 1334 2894 diligentissime,

202 2922 227 2982 si
249 2941 374 3000 unquam
394 2925 467 2984 alias
488 2926 548 2984 ullo
568 2925 636 2984 vitae
656 2941 729 2983 meae
758 2931 899 2998 tempore.
940 2924 1047 2985 Libelli
1073 2925 1110 2984 ad
1134 2923 1334 3000 imprimendum

204 3028 265 3087 dati
285 3034 403 3102 gemunt
424 3030 552 3104 quotidie
574 3029 627 3088 sub
647 3003 751 3104 prelo.¹
783 3031 860 3089 Ante
881 3011 1022 3089 nundinae
1042 3028 1278 3089 Franciordianas
1294 3025 1335 3084 ab·
1419 3047 1420 3060 2

202 3134 331 3194 solvetur
344 3135 474 3202 Latinus,
498 3135 551 3194 hoc
566 3142 611 3195 est
624 3136 802 3195 abbreviatio
817 3136 834 3208 ¹,
853 3141 904 3194 aut
916 3136 1040 3209 epitome
1053 3135 1146 3194 Italici
1157 3134 1232 3205 libri,
1250 3133 1276 3191 in
1288 3144 1334 3203 quo

199 3239 385 3298 antichristus
405 3239 435 3297 in
457 3239 641 3300 Germaniam
661 3241 808 3300 invehitur
827 3239 1020 3312 acerbissime,
1051 3258 1107 3298 non
1129 3245 1225 3298 tamon
1245 3251 1331 3295 numan

201 3343 266 3414 loci,
287 3343 336 3402 ubi
350 3344 540 3418 imprimitur,
562 3363 727 3418 expressum
745 3353 798 3418 est,
819 3347 870 3404 scd
883 3345 999 3404 videtur
1012 3345 1170 3420 impressus
1182 3345 1211 3402 in
1226 3340 1333 3401 Prassia.
1418 3395 1419 3424 ,

201 3448 293 3520 Spero
313 3446 437 3510 fructum
459 3467 494 3508 ex
514 3450 569 3508 hoc
588 3450 697 3509 labore.
739 3451 827 3510 Liber
846 3451 981 3522 Latinus,
1004 3451 1053 3508 ubi
1073 3451 1184 3537 scilicet
1203 3465 1263 3508 mea
1279 3449 1334 3503 sunt

203 3557 340 3626 congesta
360 3555 463 3624 omniu,
485 3573 549 3630 qnae
561 3556 669 3629 scripsi,
692 3562 842 3629 postquam
857 3558 886 3614 in
900 3555 1083 3614 Germaniam
1096 3556 1171 3627 veni,
1193 3555 1333 3612 vixaestate

203 3659 379 3720 absolvetur.
421 3662 454 3720 In
477 3661 520 3720 bis
540 3661 630 3734 igitur
651 3662 797 3721 laboribus
818 3669 847 3721 ct
868 3660 1092 3734 cogitationibus
1113 3676 1220 3730 versor,
1241 3655 1330 3715 utDeo
1417 3727 1418 3734 ἵ

202 3767 339 3840 placeam,
361 3765 532 3826 antichristo
553 3783 622 3825 vero
644 3767 819 3840 displiceam.

278 3867 360 3929 Bona
381 3886 453 3928 nova
473 3869 573 3940 audio,
595 3885 698 3942 nempe
719 3877 784 3942 post
803 3868 988 3928 interfectum
1009 3867 1177 3928 Guisienum
1191 3865 1216 3940 ¹,
1244 3867 1330 3924 iterun

873 3974 888 4007 vit

277 4051 289 4102 l
310 4049 336 4104 S.
354 4069 382 4105 u.
403 4051 453 4105 170
471 4050 499 4104 ff.

274 4137 398 4194 2Frana
425 4157 480 4194 von
500 4139 584 4195 Guise
613 4139 708 4194 wurda
734 4155 789 4194 von
809 4139 879 4198 ,laen
899 4138 1009 4194 Poltrot
1034 4139 1069 4194 de
1086 4141 1182 4211 Me'rey
1207 4137 1241 4190 im
1266 4136 1330 4201 lagen

202 4241 253 4280 vor
272 4223 388 4280 Orlaaus
409 4225 441 4280 18
459 4225 585 4282 Februar
606 4227 674 4282 1563
694 4226 870 4298 menchlings
889 4226 1054 4296 geschoeseu
1079 4227 1136 4282 und
1155 4226 1230 4282 starb
1245 4224 1275 4278 at
1291 4219 1330 4273 Fa

202 4309 300 4451 Equrv
329 4310 496 4454 12⁰5me
517 4312 584 4380 (ron
605 4311 748 4382 Amboise)
772 4312 868 4368 wurde
895 4312 927 4366 19
946 4312 1022 4368 Mara
1041 4313 1067 4368 d.
1082 4314 1104 4384 j.
1123 4312 1278 4369 verkivndat.
1308 4305 1330 4360 S·
