2830 5078
772 375 832 438 166
1308 371 1353 428 lttt

308 549 375 607 Dixi
396 548 432 606 de
453 548 628 622 gravissimis
650 519 890 619 contentionibus,
912 565 976 622 quse
995 547 1115 607 luerunt
1128 551 1207 608 inter
1220 550 1356 608 Fordinen·

229 655 296 712 dum
313 653 541 724 etPhauserum‚
561 653 781 728 praedicatorem
793 651 983 710 Maximiliani
994 652 1011 724 ¹,
1033 654 1114 712 etde
1132 654 1239 713 litteris
1258 655 1356 713 invicem

228 757 360 830 scriptis,
391 773 425 814 ac
451 757 487 814 de
514 755 691 829 gravissimis
718 761 805 828 atque
834 755 1111 826 ignominiosissimis
1131 757 1248 827 verbis,
1279 757 1358 829 quitus

228 861 431 922 Fcrdinandus
462 864 555 935 ipsum
584 861 764 920 Phauserum
794 861 944 928 oneravit,
981 877 1062 918 snam
1090 861 1314 936 indignationem
1337 879 1359 919 ac

230 973 353 1025 mortem
374 967 461 1024 etism
481 966 624 1036 minando,
646 965 701 1022 nisi
723 965 878 1022 desistoret
899 971 1029 1023 anostra
1043 965 1174 1024 doctrine
1189 967 1360 1040 praedicanda,

228 1073 285 1130 imo
306 1071 397 1130 multa
417 1071 517 1142 gravia
539 1069 627 1128 verba
648 1068 860 1142 pronuntiando
882 1075 983 1128 contra
1003 1087 1119 1143 omncs,
1151 1071 1201 1145 qui
1223 1078 1361 1145 sequuntur

230 1181 357 1233 nostram
377 1159 454 1246 piam
474 1173 633 1232 doctrinam
661 1180 691 1231 et
710 1172 854 1246 praecipue
876 1180 977 1232 corana
998 1173 1057 1232 Vos
1077 1175 1290 1234 illustrissimos
1309 1177 1362 1234 Ger·

228 1280 331 1336 maniae
341 1279 491 1352 principes,
514 1278 556 1336 ita
570 1280 600 1336 in
617 1295 734 1349 summa,
756 1283 789 1335 ut
803 1277 940 1338 alfimrari
956 1280 1055 1351 possit,
1077 1280 1296 1338 Fcrdinandum
1309 1298 1362 1337 nnn·

230 1401 314 1456 quam
334 1383 423 1441 luisse
444 1387 502 1440 tam
523 1381 628 1441 acerbo
650 1381 743 1439 animo
760 1387 846 1454 atque
868 1397 964 1438 amaro
985 1382 1048 1440 zelo
1069 1389 1171 1441 contra
1192 1389 1362 1442 666166666-

230 1490 382 1562 ligionem,
408 1494 441 1548 ut
462 1503 537 1546 nunc
558 1493 610 1545 est.

309 1593 458 1664 Praecipua
487 1608 574 1650 causa
601 1598 660 1660 est,
691 1589 768 1664 quod
795 1606 847 1648 sna
867 1589 1008 1662 hlcjestas
1037 1591 1135 1650 videat
1155 1593 1364 1651 Maximilienm

231 1697 331 1773 (quem
352 1702 436 1769 pater
457 1700 578 1767 cxccpta
598 1694 746 1766 religionis
768 1709 853 1751 eausa
873 1693 938 1765 plus
958 1709 1043 1766 quam
1069 1695 1125 1752 dici
1149 1697 1257 1767 possit,
1285 1696 1364 1770 small
1412 1705 1413 1710 ’

233 1801 319 1874 plane
341 1800 493 1858 accessisse
516 1800 551 1856 ad
572 1804 670 1872 partos
691 1803 812 1866 nostras,
834 1803 921 1868 atque
943 1813 1000 1854 una
1021 1815 1084 1856 cnm
1105 1815 1139 1857 eo
1153 1802 1365 1874 maximampar-

233 1910 294 1963 tom
315 1903 475 1972 hominum,
507 1903 555 1976 qui
584 1909 652 1961 sunt
679 1902 708 1958 in
737 1901 892 1959 ditionibus
919 1918 978 1958 suae
998 1902 1170 1974 Maiestatis.
1213 1906 1268 1965 Est
1285 1908 1366 1978 itaquo
1413 1931 1414 1938 ¹

232 2007 410 2066 inflammato
431 2008 541 2078 animo,
567 2004 643 2077 quod
665 2004 743 2060 ridet
764 2019 794 2060 sc
815 2019 871 2060 non
892 2004 1020 2073 potuisse
1041 2010 1123 2062 tanta
1141 2007 1306 2082 diligentia,
1326 2026 1366 2081 qua
1413 2019 1414 2041 ³

235 2131 304 2172 usus
325 2119 369 2172 est
388 2129 441 2184 per
461 2111 565 2170 multos
586 2125 685 2178 annuc,
706 2110 834 2166 retinere
855 2123 967 2165 cursum
988 2115 1094 2167 nostrae
1115 2109 1264 2170 doctrinae.

311 2217 396 2288 Dixi,
429 2214 572 2289 quomodo
600 2230 651 2270 sua
678 2213 817 2285 Majcstas
843 2212 1000 2270 tentaverit
1026 2215 1169 2272 collocare
1198 2215 1271 2275 filios
1290 2218 1368 2275 illasi-

232 2321 343 2380 miliaui
363 2322 415 2379 suh
436 2321 619 2378 institutione
642 2325 672 2377 et
693 2317 843 2390 disciplina
864 2317 986 2390 alicujus
1003 2318 1134 2389 jesuitae,
1155 2320 1368 2380 Maximilianan
1411 2383 1412 2386 ,

232 2439 301 2480 vcro
323 2424 446 2482 viriliter
467 2423 617 2481 restitisse.

313 2527 389 2598 Dixi,
410 2523 645 2586 Ferdinandum²
665 2542 729 2582 cum
740 2521 959 2582 Francfordiam
975 2532 1112 2586 venturus
1127 2537 1213 2598 esset,
1236 2547 1269 2590 co
1289 2533 1369 2588 arriiuo

233 2631 329 2702 luisse,
353 2638 384 2689 ut
405 2630 444 2707 (si
465 2649 516 2703 pro
539 2630 741 2703 consequenda
762 2629 904 2700 dignitate
922 2631 1035 2702 imperii
1049 2647 1167 2689 necesse
1180 2651 1244 2692 essc
1260 2633 1369 2708 videret)

234 2737 359 2794 libenter
376 2738 529 2809 juraturus
547 2735 658 2808 fuisset,
680 2751 784 2794 senon
801 2733 1099 2794 molestumfuturum
1119 2745 1227 2796 nostrae
1241 2741 1370 2812 religioni

806 2873 822 2908 ss

305 2985 451 3042 1Johanu
470 2987 618 3044 Sebastiam
636 2987 766 3051 Flamen,
792 2985 855 3057 geb.
878 2987 944 3042 1526
971 2987 1001 3040 in
1019 2987 1226 3059 Markelfingeu
1252 2991 1295 3046 bei
1313 2991 1371 3045 Con·

234 3074 322 3137 staua,
342 3077 434 3128 auerst
452 3075 493 3130 als
511 3076 643 3146 prodiger
660 3074 691 3128 in
710 3075 764 3129 deu
783 3075 914 3130 diensten
932 3075 1117 3140 Ferdinands,
1138 3077 1216 3132 daun
1235 3077 1280 3133 bei
1296 3075 1372 3132 Mari·

234 3159 345 3224 miliau,
372 3160 469 3217 dessen
495 3163 707 3234 evangelischer
731 3162 913 3233 hofprodiger
932 3180 962 3216 er
980 3163 1096 3233 liingcre
1115 3165 1171 3220 usit
1189 3184 1260 3231 war;
1289 3165 1371 3220 seru-

234 3249 324 3312 nand,
340 3249 393 3302 der
412 3251 457 3305 die
477 3251 695 3322 evangelischen
711 3249 907 3320 sympathieen
926 3250 1016 3305 seiues
1036 3251 1135 3306 schues
1154 3253 1300 3308 besonders
1318 3253 1372 3307 dem

235 3331 346 3388 einfluss
364 3337 491 3394 Plausers
510 3337 671 3402 ausolnricb,
701 3337 857 3392 verbanute
884 3338 932 3391 ihn
957 3338 1044 3393 sehon
1064 3340 1149 3404 1555,
1177 3341 1313 3412 verfolgte
1331 3341 1373 3394 ihn

235 3425 307 3479 auch
326 3427 422 3494 spiiter
441 3428 499 3481 und
517 3445 647 3498 erzwang
666 3444 694 3482 es
714 3425 840 3488 endlich,
862 3425 917 3480 dall
937 3425 1114 3480 Maximillam
1134 3428 1188 3482 den
1208 3428 1373 3499 ausgeaeich-

235 3515 321 3566 neten
339 3513 468 3584 prodiger
487 3515 544 3568 und
557 3533 680 3570 warmon
695 3514 870 3584 fiirsprecher
882 3513 932 3568 der
945 3514 1163 3584 evangelischen
1176 3516 1373 3585 testrebungeu

235 3600 265 3652 in
273 3600 399 3655 Bdhmen
414 3601 472 3654 und
487 3601 541 3656 den
556 3603 677 3673 dbrigen
686 3603 804 3658 latndern
815 3602 864 3656 der
876 3601 1128 3656 osterreichischen
1142 3605 1301 3660 monarchie
1312 3604 1373 3657 1566

236 3687 378 3742 entlasseu
391 3687 502 3753 musste;
516 3689 585 3743 aber
597 3689 670 3742 noch
684 3689 768 3758 lange
780 3688 836 3742 neit
848 3686 925 3741 blieb
938 3704 968 3741 er
980 3686 1034 3740 mit
1042 3687 1101 3742 ihm
1115 3689 1145 3743 in
1158 3691 1374 3762 correspondens.

236 3774 350 3830 Plauser
374 3776 454 3830 starb
479 3775 579 3831 61661
599 3777 666 3831 1569
686 3774 1138 3846 616661611166661616616866,
1166 3779 1222 3848 vgl.
1241 3776 1374 3847 Reupach,

236 3863 443 3934 evangelisohes
456 3851 613 3918 Osterreich
631 3864 666 3929 Il,
681 3865 722 3927 54,
743 3880 785 3918 wo
804 3862 876 3916 auch
895 3861 954 3916 sein
973 3861 1042 3916 hild.
1072 3863 1204 3936 Gindely,
1226 3864 1373 3935 geschichte

237 3950 286 4005 der
304 3952 486 4007 bo'hmischen
505 3953 606 4008 briider
625 3953 647 4017 1,
665 3954 717 4006 426
736 3952 794 4006 und
813 3951 915 4006 Fontes
935 3967 988 4005 rer.
1008 3951 1141 4006 austriae.
1164 3951 1207 4017 Il,
1227 3953 1265 4017 19,
1285 3952 1328 4004 125
1348 3949 1372 4002 11.

236 4036 339 4092 Lebret
356 4039 407 4104 IX,
430 4041 480 4095 180
498 4041 516 4094 f.
553 4040 699 4104 Reimann,
720 4040 766 4094 die
784 4039 912 4110 religilise
931 4039 1125 4108 entwicklung
1139 4039 1320 4094 Maximillam
1340 4037 1372 4090 Il.

236 4125 330 4194 Sybel,
349 4126 515 4182 historische
534 4126 689 4182 zeitschrift
707 4127 765 4191 XV,
786 4129 799 4181 1
820 4127 847 4181 ff.
885 4127 1137 4192 Maurenbrecher,
1156 4145 1204 4182 cnr
1222 4125 1371 4197 geschichte

236 4212 427 4268 Maximilians
446 4214 480 4278 11,
500 4215 597 4268 ebend.
618 4213 730 4277 XXXII,
749 4213 798 4266 221
818 4213 848 4283 11.Ι
883 4211 948 4282 Vgl.
967 4231 995 4266 n.
1015 4215 1058 4268 66.
1077 4214 1119 4266 74.
1140 4215 1198 4267 101.

304 4302 320 4354 2
340 4302 374 4354 24
387 4302 511 4356 Februsr
526 4303 592 4355 1556
612 4302 678 4354 kam
690 4301 850 4355 Ferdinnnd
864 4301 937 4355 uach
950 4299 1104 4354 Frankfnrt
1117 4302 1190 4365 alM.
1210 4301 1262 4356 und
1280 4297 1370 4350 warde

236 4387 299 4442 dort
319 4389 352 4442 14
370 4389 445 4444 Miira
464 4407 525 4444 zum
543 4389 638 4445 kaiser
656 4387 785 4442 erhohen.
