2852 5076
58 365 121 422 1554
326 323 333 333 ⁶
606 371 647 431 ru

55 545 205 613 parentem.
254 540 335 599 Nunc
362 538 535 608 videbimus,
564 541 586 598 si
615 538 685 598 vetit
711 535 853 596 conficere
884 535 998 608 nuptias
1025 537 1189 596 Bovariccs.

57 643 195 700 Praeterec
215 641 302 700 cudio
322 639 422 700 docem
444 643 535 714 ipsum
557 639 715 712 conjecisse
735 639 764 697 in
786 655 930 698 carcerem
944 641 1006 712 ejus
1018 646 1189 712 consortem,

54 746 114 816 qnia
132 743 358 802 constantissime
385 749 501 802 recusat
529 746 641 802 missam
669 743 778 802 audire.
819 741 849 801 Si
877 742 931 802 huc
960 742 1066 802 tectum
1091 743 1189 812 frent.

55 856 123 907 certe
135 866 190 906 non
204 851 260 907 erit
272 849 333 907 sine
344 865 484 908 consensu
498 849 575 922 regis
593 849 754 922 Gallorum
775 849 895 908 moritus
915 850 991 908 enim
1012 865 1067 908 non
1088 847 1190 910 fuisset

57 967 129 1010 ausus
148 951 222 1010 benc
242 953 376 1024 injurium
404 951 485 1011 uxori
512 949 629 1010 inferre.
670 951 710 1010 Et
736 953 760 1010 si
785 967 837 1010 rex
863 954 1022 1022 consensit,
1052 953 1188 1014 indicium

59 1061 100 1124 est,
118 1055 194 1114 illum
216 1057 291 1114 velte
312 1059 426 1115 omniuo
442 1057 606 1144 ¹arctissimo
627 1053 736 1115 ioedere
763 1073 793 1114 sc
814 1058 990 1132 conpungere
1018 1074 1080 1116 cum
1100 1057 1188 1130 Papo,

55 1161 124 1235 eujus
152 1161 193 1218 rei
226 1159 315 1219 mutto
335 1159 428 1219 babeo
454 1159 570 1221 indicio.
611 1159 767 1232 Rogcndus
788 1159 881 1232 Deus,
914 1165 945 1220 ut
972 1159 1092 1236 dissipet
1119 1161 1189 1222 tulis

54 1265 167 1322 consilia.
199 1265 285 1323 Volui
307 1263 544 1336 nudiustertius,
566 1265 614 1337 qui
636 1271 699 1324 erat
713 1264 776 1322 dies
794 1263 960 1337 dominicus,
982 1265 1089 1338 videre,
1111 1283 1189 1340 que·

53 1385 108 1425 rem
128 1374 203 1427 essct
224 1366 388 1442 frequentia
408 1370 437 1427 in
459 1369 587 1428 ecelesiis
601 1369 754 1444 pepisticis‚
775 1370 804 1427 in
816 1369 909 1428 trihus
926 1387 995 1429 vero
1010 1369 1083 1430 hore
1096 1369 1189 1430 misser

53 1475 186 1532 numeravi
198 1471 285 1532 XXX
304 1474 381 1532 viros
402 1479 432 1532 et
452 1473 569 1530 circiter
586 1469 768 1543 Liemettcs;
790 1471 827 1528 sit
848 1488 951 1530 nomen
968 1471 1082 1532 Domini
1101 1473 1188 1532 bene·

53 1576 156 1635 dictum.

121 1682 178 1740 Oro
200 1682 347 1740 coelesteru
373 1687 503 1754 petrem,
536 1687 567 1738 ut
598 1680 805 1739 celsitudinem
827 1679 915 1738 Tuom
944 1679 993 1739 diu
1022 1685 1118 1740 servet
1144 1679 1188 1740 iu·

54 1785 180 1844 columem
201 1803 256 1859 per
277 1784 422 1843 Christum
452 1784 596 1844 dominum
625 1790 763 1844 nostrum.
805 1783 979 1844 Commendo
1007 1801 1051 1842 mc
1080 1783 1122 1843 ilti
1143 1799 1188 1842 re·

53 1896 183 1947 verenter.

119 1995 286 2066 Argentinoe
308 1995 344 2050 23
367 1993 429 2050 Oct.
453 1991 536 2050 1554.

942 2097 1108 2168 Vergerius.

131 2201 243 2256 Sodenn
274 2217 326 2255 ron
357 2201 404 2256 des
434 2200 548 2271 beruogs
576 2199 664 2255 bend:
703 2201 776 2255 Hore
800 2218 877 2272 geru,
904 2201 953 2255 des
978 2217 1007 2254 er
1035 2199 1184 2255 dermassen

54 2284 77 2338 in
100 2289 189 2355 gotter
214 2286 320 2342 sechem
346 2287 469 2342 urbsihie
495 2306 528 2342 zu
545 2288 704 2358 -erbawuug
728 2287 816 2342 seiner
834 2287 964 2350 kirchen;
993 2287 1048 2342 hub
1072 2286 1126 2340 mir
1148 2285 1187 2340 im

51 2373 202 2430 Schenbech
223 2375 272 2430 ein
292 2375 471 2446 cethelogum
492 2375 675 2430 hereticorum
701 2375 758 2428 und
775 2375 885 2446 pupiste
904 2373 1087 2443 Somiemtsi]
1106 2390 1135 2428 so
1154 2389 1186 2426 uu

53 2459 191 2528 Meylundt
215 2461 370 2534 publiciert
393 2478 457 2531 seyc
476 2461 589 2515 worden
615 2478 647 2514 zu
675 2459 758 2514 seben
786 2461 893 2530 geben,
921 2459 1002 2516 molle
1030 2459 1083 2514 mir
1107 2457 1187 2528 copie

52 2545 145 2603 dervon
164 2549 353 2604 zukhomnreu
371 2549 471 2604 lusson.

592 2817 637 2872 13.

339 2915 467 3004 Herzog
491 2917 663 3002 Christoph
688 2941 730 2983 un
753 2917 888 3003 Vcrger.

380 3029 523 3104 Stuttgort
544 3034 561 3088 6
582 3030 746 3089 November
769 3031 852 3087 1554.

110 3131 238 3186 Antwort
259 3131 310 3186 uui
326 3149 353 3184 u.
374 3131 414 3187 12.
452 3133 541 3188 Bithet
561 3151 605 3188 um
626 3134 680 3188 den
699 3133 850 3201 catologus
868 3129 1067 3186 hereticorum.

129 3227 183 3286 Dei
211 3211 308 3300 gretie
335 3227 557 3301 Christophorus
587 3229 651 3286 Dux
671 3229 943 3302 Vuirtenbergensis
964 3237 1019 3287 ete.

131 3331 158 3387 S.
191 3331 277 3404 Quod
307 3338 338 3388 tu
375 3333 403 3388 iu
440 3332 556 3404 negotio
588 3329 694 3389 Christi
722 3331 812 3390 nostri
852 3329 902 3408 [sc.
933 3329 1052 3405 domiui]
1090 3331 1185 3404 singu·

53 3431 141 3493 leviter
161 3435 298 3505 effectus,
320 3437 405 3502 etad
431 3436 651 3508 promovendam
679 3452 713 3494 cc
738 3436 922 3508 plantandam
950 3437 1012 3509 ejus
1033 3433 1183 3492 ecclesiam

52 3533 180 3600 desudare
200 3541 285 3613 soles,
307 3543 350 3600 vir
371 3543 560 3614 ornatissime,
582 3557 618 3600 ex
638 3543 695 3600 tuis
716 3543 821 3602 litteris
842 3541 879 3600 cd
900 3557 960 3612 nos,
982 3555 1045 3614 quse
1068 3542 1104 3597 23
1129 3540 1182 3597 Oc·

602 3643 619 3677 s

53 3719 169 3773 versuche
187 3719 289 3783 uirbis,
308 3737 337 3773 eo
351 3719 433 3775 sollte
446 3739 511 3774 uren
531 3739 563 3775 zu
577 3721 795 3794 uvv'engsgreden
808 3721 956 3777 schreiteu.
985 3721 1037 3774 Die
1050 3718 1183 3788 herzogiu

53 3800 117 3858 blieb
135 3805 296 3871 stundhctt3
322 3807 361 3860 sie
381 3807 522 3864 beichtetc
540 3809 628 3872 nicht,
647 3809 716 3879 ging
735 3809 814 3864 nicht
832 3828 879 3864 zur
899 3825 1002 3872 messe;
1027 3807 1064 3862 dc
1082 3805 1183 3862 schritt

55 3886 175 3948 Herbules
194 3912 227 3947 zu
245 3893 544 3965 geweltsmoseregelu.
584 3896 614 3949 17
634 3895 798 3965 September
818 3898 885 3952 1554
908 3895 965 3950 lieo
993 3913 1022 3950 er
1042 3894 1116 3950 scine
1135 3911 1183 3964 ge·

54 3976 144 4032 truhtin
163 3981 215 4034 mir
233 3981 301 4035 zwei
321 3980 395 4034 ihrer
413 3980 511 4035 irenen
529 3979 559 4034 in
577 3981 626 4034 des
645 3981 703 4036 elie
722 3981 825 4037 schloss
844 3983 909 4037 Este
920 3983 1048 4052 bringeu,
1068 3983 1118 4038 des
1138 3982 1183 4036 ihr

54 4060 87 4114 cle
110 4067 268 4136 getbugniss
297 4067 399 4122 dienen
424 4067 520 4131 sollte;
547 4068 607 4122 ihre
634 4069 745 4123 ttiehier
769 4070 884 4124 worden
909 4088 963 4125 von
988 4070 1033 4124 ihr
1051 4071 1183 4139 getrennt

55 4149 103 4202 und
119 4171 186 4222 genn
203 4154 416 4224 abgeschlossen
437 4173 489 4208 von
508 4155 606 4218 denen,
625 4155 730 4210 welche
747 4156 792 4208 ihr
810 4157 948 4227 stdrkung
959 4156 1079 4225 bringeri
1092 4156 1181 4210 konn-

55 4233 108 4298 ten,
135 4241 188 4308 gub
206 4241 319 4296 Music
337 4241 410 4295 neoh
429 4243 486 4296 und
503 4243 603 4298 sonore
621 4243 655 4298 23
673 4243 838 4313 September
855 4244 929 4300 nech
947 4243 1039 4299 einem
1058 4241 1181 4298 katholi-

56 4319 127 4377 tchen
142 4327 274 4396 priester;
300 4329 313 4381 1
334 4327 487 4384 December
504 4329 598 4384 wurde
616 4329 655 4385 sie
674 4329 778 4384 wieder
795 4330 825 4384 in
843 4329 925 4386 ihren
943 4329 1049 4402 pullest
1066 4327 1181 4382 zuruck·

57 4401 165 4467 heruteu.
199 4415 320 4486 Herzog,
339 4415 622 4487 Rectenoyklopttdie,
639 4417 730 4488 suppl.
748 4417 784 4484 11,
802 4419 851 4474 631
872 4417 891 4473 i.
