2852 5076
44 377 105 429 1557
576 379 635 438 147

41 549 122 606 tundo
142 563 230 606 onero
257 547 431 606 matrimonii
461 546 570 620 aliquid
594 547 662 604 milri
694 546 818 605 addatur
845 546 965 618 singulis
992 546 1074 604 anuis
1101 561 1180 605 ruan-

40 653 112 708 dare,
144 651 214 722 Hoc,
236 669 289 725 por
311 651 454 710 Christum
476 651 591 723 inquam
613 649 696 726 (quid
719 650 794 708 enim
815 651 920 723 possim
941 650 1037 708 (licere
1060 650 1181 726 rnajasl)

39 771 84 812 oro
104 761 188 828 atque
210 757 362 826 obtestor,
393 770 450 812 non
472 759 529 810 tarn
551 769 687 827 promea
709 754 876 822 commodo,
907 769 991 826 cruam
1024 759 1056 816 ut
1076 753 1180 826 reliqui

39 860 73 931 pii
92 860 235 933 latentur,
257 877 321 918 oum
332 859 464 919 Vestram
478 857 684 916 liberalitatem
700 857 727 914 iu
743 859 805 930 pios
819 875 852 914 ac
867 855 1005 930 profugos
1025 857 1180 916 audierint.

40 966 158 1023 Fuerunt
180 981 235 1038 pro
257 981 302 1022 me
323 961 511 1022 sustentando
533 961 666 1020 ordinata
687 978 733 1032 ea,
757 977 819 1034 quae
840 962 1024 1020 contineatur
1045 961 1074 1017 in
1095 959 1182 1020 sceda

45 1068 140 1125 inclusa
160 1067 207 1124 his
229 1066 357 1136 litteris:
382 1064 579 1122 Illustrissima
600 1063 749 1122 (lclsltudo
771 1064 876 1122 Vestra
894 1065 1013 1136 jubear,
1041 1073 1073 1123 ut
1093 1065 1181 1124 adda-

45 1181 90 1241 tur,
110 1172 254 1244 quidquid
275 1172 360 1240 velit3
390 1187 454 1228 nam
476 1187 537 1226 cam
564 1169 675 1242 ingrati
703 1169 816 1228 actione
844 1171 1001 1240 gratiarum
1028 1169 1181 1242 accipiaa13

40 1291 127 1348 parum
162 1276 232 1333 vitae
265 1291 349 1346 spero
381 1274 449 1332 naihi
480 1289 640 1346 superesse.
683 1275 787 1332 Vestra
808 1273 957 1331 celsitudo
991 1273 1045 1332 lroc
1070 1274 1182 1334 modico

40 1379 164 1449 dignetur
186 1395 233 1436 me
257 1377 382 1436 liberare
403 1375 536 1434 molestia
558 1381 586 1432 et
608 1375 802 1434 sollicitudine
824 1376 860 1434 dc
881 1377 1010 1449 granando
1031 1379 1119 1450 victu,
1150 1385 1183 1438 ut

39 1483 133 1553 possim
154 1488 219 1540 toto
241 1484 338 1540 animo
359 1482 492 1540 laborare
513 1483 541 1538 iu
565 1482 648 1538 riuca
669 1481 793 1538 Domini.

106 1586 221 1645 Offendi
245 1593 383 1644 matronae
404 1587 524 1659 lrospitae
545 1585 636 1642 meae¹
657 1585 770 1644 litteras
791 1585 818 1643 d.
835 1585 996 1643 Sebastioui
1010 1585 1124 1659 Cacceji
1145 1587 1182 1646 ad

40 1708 85 1763 nuc,
105 1692 210 1764 quibus
228 1692 342 1750 nomine
358 1692 558 1750 illustrissimae
574 1691 696 1750 domina
710 1691 847 1763 principis
868 1690 909 1746 illl
931 1689 991 1762 agit
1012 1693 1120 1764 gratias
1131 1708 1183 1764 pro

40 1799 209 1855 munusculo.
242 1797 354 1854 lraetata
375 1803 419 1854 est
441 1802 571 1853 matrona
584 1796 835 1867 gratissimumque
852 1793 893 1850 illi
908 1792 963 1852 suit
978 1793 1032 1852 hoc
1048 1793 1182 1852 ot'ficiurn.

42 1901 136 1960 lorum
157 1905 186 1960 iu
212 1919 316 1976 rnogna
336 1903 498 1960 tentatione
518 1917 552 1959 uc
572 1899 759 1958 tribulatione
781 1915 816 1955 ea
836 1905 987 1968 nutrices13
1009 1899 1087 1956 verrit
1108 1901 1182 1958 enim

40 2006 70 2060 ad
90 2023 148 2064 eam
170 2007 316 2079 quispiam
337 2008 440 2064 missus
460 2022 478 2063 a
498 2005 636 2078 'ligurina
657 2006 794 2072 ecclesia,
827 2009 958 2074 rogatum
987 2007 1019 2058 ut
1046 2003 1082 2062 ad
1104 2004 1182 2062 illem

43 2107 102 2164 uelit
122 2125 152 2165 se
174 2106 320 2179 conferre,
341 2114 477 2182 tanquam
499 2107 535 2165 ad
558 2107 735 2164 mundiorem
758 2107 786 2162 in
809 2105 939 2164 doctrina
961 2107 1015 2182 (sio
1040 2108 1115 2165 eninr
1141 2107 1183 2164 di·

44 2210 99 2285 rit).
139 2212 284 2272 Contendi
306 2229 360 2283 ego
382 2213 536 2281 acerrime,
564 2212 665 2282 negavi
688 2209 866 2268 mundiorem
894 2211 980 2268 rrllam
1002 2226 1065 2270 esse
1086 2217 1186 2270 nostra

45 2317 166 2388 eeclesia,
191 2317 242 2374 sed
262 2315 370 2387 fateor,
392 2323 551 2374 matronam
572 2315 713 2386 titubaro;
743 2321 824 2374 tanta
843 2320 886 2372 est
908 2314 1015 2373 diaboli
1044 2317 1184 2387 potentie,

44 2422 82 2490 qui
102 2439 162 2478 cum
187 2423 287 2480 rideat
308 2438 371 2478 eom
392 2422 521 2494 potuisse
543 2421 642 2491 egredi
664 2437 700 2478 ex
721 2427 835 2492 prumia,
858 2419 1183 2492 relletuuucl'iguruur

45 2523 145 2598 ducere,
168 2529 251 2599 quasi
274 2525 334 2583 illic
360 2525 399 2580 sit
427 2524 537 2581 inclusa
566 2523 650 2580 salus.
693 2521 841 2580 Celsitndo
864 2521 967 2580 Vestra
995 2529 1089 2593 potest
1118 2523 1184 2582 buia

46 2632 188 2688 irritationi
210 2643 391 2694 succurrere,
413 2641 515 2696 rrenrpe
537 2627 560 2682 si
582 2625 618 2683 ad
640 2642 684 2682 rae
706 2624 861 2694 scripserit,
883 2633 914 2682 ut
930 2633 1068 2684 unatronae
1082 2627 1184 2697 dicam,

49 2739 73 2788 ut
90 2736 124 2790 sit
145 2734 222 2792 bono
244 2734 355 2802 animm
382 2731 406 2787 si
427 2731 503 2790 torte
524 2746 582 2788 non
603 2729 729 2788 libenter
745 2728 884 2800 Tubiugae
906 2737 1028 2798 inanest,
1051 2732 1184 2792 Vestram

49 2835 244 2896 telsitudinem
268 2843 449 2906 curaturam,
482 2843 513 2892 ut
534 2834 710 2906 Statgardiae
737 2835 778 2892 illi
802 2835 987 2894 inveniantur
1007 2836 1105 2907 aedes,
1135 2837 1183 2894 ubi

50 2941 129 3000 uriuus
149 2943 189 3000 ibi
211 2942 268 3000 erit
293 2941 466 3011 timendum,
498 2941 555 2998 imo
583 2946 615 2996 ut
644 2941 759 2996 omniuo
788 2939 857 2998 velit
885 2941 986 2998 saltem
1015 2941 1068 3000 hac
1089 2942 1183 3000 bieme
1262 2925 1265 2932 ¹

50 3043 213 3119 Stutgardiae
234 3063 265 3104 sc
287 3047 445 3104 continere.
477 3045 691 3108 Succurendum
713 3053 757 3102 est
778 3045 913 3104 membris
935 3044 1040 3104 (luisti
1061 3045 1184 3118 afflictis,

50 3150 265 3222 corupatieudum
282 3149 372 3221 sexui,
394 3150 555 3222 praesertim
569 3150 597 3206 in
616 3150 669 3207 lrac
684 3148 765 3220 iugo3
787 3153 811 3208 si
824 3150 979 3208 ital'eslra
990 3151 1186 3210 Illustrissima

603 3273 617 3305 a

110 3367 121 3418 l
140 3365 261 3420 isabella
281 3366 347 3422 oder
367 3365 691 3435 CathariaaMauriquea
710 3385 759 3421 aus
779 3367 929 3439 Brcsegua‚
950 3367 1011 3424 eine
1031 3369 1183 3424 varnehme

50 3449 198 3520 Spaniam,
224 3454 374 3509 schwester
392 3455 471 3522 (oder
488 3453 696 3524 sohwdgeriai)
725 3472 778 3509 von
798 3455 902 3522 Alouso
921 3455 1100 3525 Macrinum,
1129 3473 1185 3512 erz-

51 3534 145 3595 bischof
159 3559 214 3596 von
226 3540 334 3596 Sevilla
352 3543 408 3596 und
430 3541 708 3611 cardinalinquisitor
728 3561 781 3596 von
800 3543 937 3613 Spanien;
958 3544 987 3597 in
1001 3543 1109 3614 Neapel
1128 3562 1186 3600 war

51 3623 82 3678 sie
98 3629 146 3682 mit
163 3629 253 3683 ihrem
272 3629 441 3684 landsmann
462 3630 566 3684 Valdes
590 3629 648 3683 rrnd
667 3631 771 3685 seiuem
790 3630 880 3685 lrreise
899 3630 1033 3700 (Vitioria
1053 3631 1185 3695 Coloaua,

52 3708 114 3766 iulia
132 3714 295 3786 Goaaagua)
315 3715 441 3770 bekannt
460 3717 518 3770 und
538 3717 661 3772 dadurch
689 3717 733 3770 fiir
761 3717 805 3771 die
831 3718 1012 3772 reformation
1031 3734 1187 3788 gewounen

53 3801 163 3868 sordem
182 3803 244 3857 ihre
265 3803 373 3858 familie
392 3803 470 3858 blieb
488 3805 656 3869 katholisch‚
676 3805 715 3861 sie
733 3804 822 3860 selbst
839 3807 944 3860 musste
962 3805 991 3858 in
1006 3804 1051 3860 die
1061 3805 1186 3860 Schweiz

54 3880 168 3955 laehten,
188 3908 232 3944 wo
251 3891 291 3944 sie
305 3891 357 3946 mit
371 3891 493 3946 Ocahino
506 3893 563 3946 und
576 3893 660 3948 Peter
673 3893 781 3961 Martyr
794 3893 1015 3948 zusammeutraf.
1034 3893 1102 3947 Eine
1120 3892 1187 3948 aeit-

55 3967 111 4042 ltng
133 3977 233 4033 dachte
259 3979 298 4033 sie
323 3980 429 4043 daran,
457 3980 515 4035 sich
539 3979 568 4034 in
588 3980 731 4050 stuttgart
757 3980 826 4035 oder
845 3979 928 4034 Wien
954 3979 1187 4042 aiederaulassen,

55 4055 109 4112 aber
124 4062 160 4118 sie
178 4065 278 4122 kehrte
298 4066 369 4122 doch
388 4067 491 4122 wieder
509 4067 538 4120 in
559 4067 603 4122 die
623 4066 746 4122 Schweiz
764 4067 875 4120 auriick.
910 4067 1019 4135 Herzog
1039 4064 1187 4134 Christoph

57 4151 278 4218 correspondierte
296 4153 349 4207 unit
368 4153 545 4209 Maximilian
563 4155 631 4210 iiber
649 4153 704 4219 sie,
734 4171 754 4207 s.
773 4153 875 4208 Lebret
893 4153 945 4218 IX,
972 4154 1022 4208 118
1041 4153 1069 4206 ff.
1106 4152 1188 4207 Curio

57 4229 169 4290 widmete
192 4237 237 4292 ihr
261 4238 307 4294 die
335 4243 409 4296 erate
428 4241 559 4312 Ausgabe
584 4243 633 4297 der
657 4241 746 4296 briefe
773 4257 829 4296 von
854 4240 986 4310 Olympia
1004 4240 1123 4295 Morata.
1158 4239 1186 4292 S.

58 4314 150 4460 (geldas,
168 4326 221 4381 Mc.
235 4328 305 4392 (irie,
324 4329 426 4397 Meyer,
447 4331 491 4385 die
511 4331 708 4401 evangelische
728 4329 874 4398 gemeinde
887 4327 916 4380 in
930 4327 1057 4381 Lokarno
1077 4326 1111 4392 II,
1127 4326 1185 4380 152.

81 4425 111 4475 g.
127 4412 165 4466 br.
179 4433 205 4468 n.
226 4416 259 4467 56
270 4432 294 4469 a.
315 4417 357 4469 57.

923 4511 979 4565 10*
